3867 5559
320 808 323 813 ,
852 756 1023 814 uetusta
1449 761 1491 824 63

312 844 355 885 rec.
370 844 473 886 cusanc
1461 845 1478 884 r.
1487 843 1548 885 run.
1563 843 1579 883 r.
1589 844 1635 883 scs.

383 911 451 974 dem
465 911 674 977 confidendum
693 913 855 976 essedum
874 929 949 993 quac
966 911 1118 975 uidemus:
1138 917 1168 973 at
1184 916 1220 972 tu
1238 907 1275 972 de
1292 909 1349 973 dlis
1368 928 1486 993 quoque

383 1015 529 1090 adfirmas,
544 1035 619 1096 quae
632 1034 727 1096 neque
741 1006 919 1097 conspexisti
932 1032 1064 1096 unquam
1078 1031 1174 1093 neque
1188 1012 1302 1074 audisti.
1323 1013 1486 1076 Pontianus

383 1117 408 1178 si
428 1118 543 1180 uiueret
562 1125 650 1198 atque
669 1136 737 1178 cum
756 1119 961 1198 interrogares,
989 1135 1062 1197 quae
1081 1115 1191 1178 fuerint
1211 1115 1243 1176 in
1256 1115 1305 1176 illo
1320 1116 1485 1192 inuoluere,

383 1220 497 1281 nescire
511 1239 544 1280 se
558 1219 757 1299 responderet.
786 1219 909 1282 libertus
924 1219 1031 1293 eccille,
1053 1219 1103 1298 qui
1122 1217 1212 1280 cbtds
1232 1217 1294 1280 eius
1309 1218 1365 1279 loci
1383 1219 1416 1281 in
1429 1220 1486 1281 ho-

329 1335 362 1384 ··t
383 1319 519 1382 diernum
539 1321 673 1381 habetet
692 1305 814 1382 auobis
834 1327 902 1396 stat,
922 1339 1075 1401 nunquam
1095 1338 1127 1382 se
1146 1320 1186 1382 ait
1200 1320 1371 1400 inspexisse,
1392 1339 1486 1408 quan-
1528 1327 1534 1339 ¹

383 1439 471 1500 quarn
485 1422 548 1500 ipse
562 1422 688 1501 aperiret
701 1429 805 1502 utpote
819 1440 943 1501 promus
958 1421 1102 1484 librorum
1118 1421 1168 1501 qui
1192 1422 1251 1483 illic
1276 1428 1358 1484 erant
1377 1422 1487 1484 conditi

383 1540 475 1605 paene
497 1523 626 1602 quotidie
643 1531 674 1583 et
692 1524 850 1600 clauderet,
870 1542 957 1603 saepe
977 1523 1143 1598 nobiscum,
1163 1523 1257 1584 multo
1274 1524 1389 1603 saepius
1404 1525 1486 1586 solus

380 1625 513 1699 uiueret,
528 1625 650 1686 linteum
664 1627 696 1686 in
710 1644 813 1688 mensa
831 1627 962 1707 positum
982 1632 1115 1687 cerneret
1134 1625 1198 1686 sine
1217 1625 1277 1685 ullo
1299 1625 1403 1704 sigillo,
1424 1624 1487 1685 sine

382 1728 511 1789 uinculo.
542 1727 644 1806 quidni
654 1725 761 1790 enim?
782 1729 912 1808 magicae
925 1746 974 1790 res
988 1728 1019 1788 in
1034 1746 1069 1788 eo
1085 1726 1320 1788 occultabantur:
1336 1745 1372 1786 eo
1387 1726 1487 1804 neglc

331 1843 364 1894 to
383 1828 498 1908 gentius
512 1827 704 1891 adseruabam
717 1828 833 1892 ccib'cct.
863 1829 943 1891 enim
961 1829 1051 1891 libere
1071 1828 1262 1891 scrutandum
1281 1834 1310 1888 et
1329 1827 1487 1908 inspicien-

313 1954 372 2006 (ω)
386 1929 468 2003 dum,
483 1930 508 1992 si
522 1930 633 2004 liberet,
649 1930 737 1991 etiam
751 1932 944 1993 auferendum
963 1938 1074 1992 temere
1092 1930 1284 2010 exponebam,
1305 1930 1414 1990 alienae
1433 1947 1486 1990 cu·
1551 1971 1554 1974 <

383 2032 496 2093 stodiae
520 2032 774 2106 commendabam,
798 2032 894 2094 alieno
914 2033 1034 2094 arbitrio
1059 2031 1274 2112 permittebam.
1312 2030 1381 2110 quid
1400 2030 1488 2109 igitur

382 2134 656 2214 impraesentiarum
670 2135 717 2195 uis
731 2133 784 2194 tibi
798 2131 899 2196 credi?
922 2133 1039 2214 quodne
1049 2133 1211 2196 Pontianus
1226 2132 1362 2194 nescierit
1377 2133 1427 2211 qui
1439 2132 1488 2194 in-

383 2234 504 2296 diuiduo
519 2233 711 2296 contubernio
727 2252 844 2295 mecum
858 2235 939 2309 uixit,
959 2236 990 2298 id
1011 2243 1041 2297 te
1055 2235 1140 2310 scire,
1161 2252 1250 2315 quem
1268 2252 1421 2314 nunquam
1440 2228 1488 2295 ui-

331 2341 363 2390 15
383 2336 479 2397 derisu
497 2335 554 2396 nisi
572 2353 628 2415 pro
653 2332 815 2397 tribunali?
844 2354 882 2398 an
902 2336 982 2416 quod
1000 2337 1121 2399 libertus
1142 2337 1291 2410 adsiduus,
1317 2336 1365 2398 cui
1390 2335 1487 2398 omnis

383 2436 506 2497 facultas
520 2436 692 2515 inspiciendi
705 2437 770 2511 fuit,
792 2438 871 2517 quod
891 2438 916 2499 is
936 2438 1058 2500 libertus
1078 2455 1141 2500 non
1159 2438 1275 2513 uiderit,
1295 2445 1325 2499 te
1345 2437 1395 2518 qui
1409 2454 1488 2499 nun·

383 2556 473 2619 quam
492 2555 527 2599 eo
548 2540 705 2602 accesseris
725 2537 856 2602 uidisse?
884 2540 1009 2621 denique
1027 2546 1062 2602 ut
1081 2541 1161 2620 quod
1180 2558 1243 2603 non
1257 2540 1366 2616 uidisti,
1389 2540 1419 2602 id
1432 2540 1490 2602 tale

382 2640 472 2702 luerit
486 2641 571 2720 quale
583 2640 670 2703 dicis:
696 2641 786 2721 atqui,
806 2643 904 2715 stulta,
919 2642 945 2702 si
964 2641 1052 2703 hodie
1065 2642 1137 2703 illud
1151 2643 1332 2705 sudariolum
1350 2648 1384 2705 tu
1397 2641 1490 2705 inter·

383 2742 522 2822 cepisses,
538 2742 675 2821 quicquid
689 2761 725 2804 er
737 2761 774 2803 eo
789 2760 952 2822 promeres,
968 2761 1023 2821 ego
1039 2743 1185 2822 magicum
1198 2761 1346 2824 negarem.

331 2849 365 2899 2⁰
469 2843 535 2904 Tibi
548 2844 621 2905 adeo
637 2843 786 2923 permitto,
801 2844 877 2923 finge
892 2843 1019 2922 qtiiduu,
1034 2845 1231 2922 reminiscere,
1250 2846 1391 2926 excogita,
1407 2844 1486 2926 quod
1504 2849 1568 2901 mul

384 2945 479 3026 pessit
492 2945 638 3024 magicum
652 2945 760 3006 uideri:
780 2953 882 3008 tamen
896 2946 933 3008 dc
951 2965 988 3008 eo
1008 2954 1107 3009 tecum
1127 2947 1315 3011 decertarem.
1339 2946 1344 3027 Ι
1368 2954 1575 3027 antegerio.

384 3046 550 3109 subiactmn
568 3046 696 3108 dicerem
715 3054 767 3109 aut
785 3048 916 3110 remedio
935 3056 1088 3130 acceptum
1107 3056 1159 3112 aut
1177 3069 1261 3113 sacro
1279 3050 1420 3111 traditum
1440 3058 1490 3112 aut

384 3149 502 3211 somnio
516 3149 703 3228 imperatum.
729 3149 809 3211 inille
823 3149 879 3210 alia
892 3158 963 3212 sunt
977 3150 1084 3230 quibus
1099 3168 1220 3230 possem
1239 3167 1324 3212 more
1338 3150 1490 3211 communi

384 3258 415 3312 et
434 3250 636 3331 uulgatissima
659 3250 897 3313 obsecrationum
916 3251 1130 3314 consuetudine
1148 3268 1219 3313 uere
1237 3251 1374 3314 refutare.
1410 3268 1490 3314 nunc

333 3360 368 3411 25
387 3353 418 3414 id
438 3353 581 3433 postulas,
606 3359 640 3414 ut
658 3352 738 3432 quod
756 3353 973 3434 deprehensum
997 3358 1027 3415 et
1051 3353 1204 3416 detentum
1228 3360 1329 3416 tamen
1351 3353 1425 3416 nibil
1441 3371 1490 3414 me

388 3455 465 3534 apud
483 3454 598 3518 bonum
618 3453 743 3518 iudicem
762 3455 897 3531 laederet,
912 3454 942 3518 id
957 3455 1039 3518 inani
1058 3454 1222 3536 suspitione
1235 3455 1381 3520 incertum
1400 3463 1430 3517 et
1443 3455 1489 3517 in-

448 3763 460 3814 1
475 3762 540 3825 csse]
554 3725 583 3811 dc
595 3760 616 3812 F
638 3760 648 3829 Ι
671 3762 687 3813 2
700 3761 811 3813 affirmas
824 3778 864 3830 φν
888 3759 899 3829 Ι
922 3763 938 3812 3
950 3763 1125 3826 interrogares
1137 3777 1162 3826 v,
1174 3763 1347 3826 interrogaret
1358 3763 1415 3830 ro:
1424 3766 1490 3832 sor·
1515 3824 1518 3829 ,

388 3848 459 3896 tasas
468 3843 662 3906 interrogaretis
684 3841 697 3912 Ι
719 3845 735 3895 4
748 3859 775 3893 sc
788 3843 920 3911 nescircrp
935 3841 940 3909 Ι
954 3844 1062 3894 libertus
1074 3843 1163 3894 eccille
1175 3843 1232 3914 (pv,
1245 3843 1352 3895 libertus
1365 3851 1391 3896 et
1401 3842 1491 3913 ljbelr-

386 3923 518 3976 tuseccillc
530 3923 560 3988 F,
573 3924 680 3975 libertus
691 3924 767 3974 etiam
778 3923 850 3981 illcc
872 3921 885 3992 Ι
908 3924 922 3974 7
936 3922 1064 3975 cotidieV
1087 3921 1097 3992 Ι
1121 3924 1313 3989 9negligcntius
1326 3923 1389 3994 For
1409 3924 1414 3993 Ι
1428 3942 1490 3979 cone

387 4004 530 4068 diligentius
539 4005 720 4056 adseruabamt
734 4003 831 4058 Gudiuc
842 4004 878 4056 cd
887 4004 998 4056 Plaacdr.
1009 4003 1020 4056 l
1032 4005 1065 4055 25
1082 4002 1093 4074 ΙΙ
1117 4006 1149 4055 10
1161 4007 1266 4058 scilicet
1286 4007 1351 4058 cuim
1365 4008 1490 4061 Bocccbc:

386 4087 430 4137 sed
443 4086 483 4136 cui
495 4083 549 4150 FV,
560 4086 604 4136 sed
616 4085 713 4155 eninm
725 4083 735 4154 ΙΙ
749 4087 780 4137 13
792 4086 1019 4153 inpraesentiarum
1031 4100 1048 4136 v
1062 4082 1068 4152 Ι
1083 4086 1149 4152 quod
1161 4085 1298 4140 Pontianus
1311 4089 1409 4156 quidem
1420 4087 1490 4141 Scri·

384 4169 471 4218 corus
495 4164 500 4233 Ι
515 4165 542 4216 in
552 4166 680 4218 indiuiduo
692 4165 837 4220 Scn'ecriua
860 4163 870 4234 Ι
894 4168 927 4218 rt
936 4166 1053 4217 assiduus
1065 4162 1136 4236 ‹le
1155 4167 1187 4219 16
1198 4172 1276 4223 vcrba
1291 4171 1357 4236 qnod
1374 4171 1396 4221 is
1412 4170 1491 4221 libcr-

387 4254 430 4299 tu
450 4246 558 4298 dclcsdc
580 4252 659 4316 putat
677 4248 806 4301 Latiariua:
830 4248 908 4299 cerda
928 4247 971 4298 cui
992 4247 1072 4299 omnic
1084 4275 1103 4286 -
1116 4247 1224 4302 libertus
1244 4249 1375 4302 secludere
1394 4250 1493 4301 maest

386 4328 506 4386 msa,
521 4325 533 4394 Ι
556 4328 590 4380 2⁰
601 4329 789 4381 comminiscere
802 4329 911 4393 Celsius,
922 4328 1072 4380 eninicccrc
1085 4329 1209 4384 Pricaeus
1229 4330 1240 4398 Ι
1268 4331 1302 4382 23
1315 4331 1464 4397 imparatum
1475 4347 1491 4381 v

384 4408 394 4476 Ι
413 4411 446 4461 24
459 4409 662 4461 obsecrationum
674 4414 778 4480 scripsi:
791 4411 995 4464 obseruationum
1006 4409 1069 4478 va
1097 4409 1108 4480 Ι
1131 4412 1164 4464 25
1181 4411 1363 4477 deprehensum
1378 4412 1433 4481 Frp,
1449 4425 1491 4461 re-

385 4490 533 4556 perenm
544 4489 581 4541 V:
594 4504 623 4540 rc
632 4490 781 4556 prehensum
792 4491 988 4544 llildcbrcwc'u
1013 4488 1020 4558 Ι
1049 4493 1177 4544 dctectun
1189 4492 1297 4544 musra
1320 4491 1331 4560 Ι
1358 4493 1392 4544 26
1408 4492 1491 4558 susm·

385 4572 458 4622 cionc
472 4570 535 4639 l‘rpv
557 4568 569 4638 Ι
