3867 5559
457 714 498 774 44
797 709 827 762 t.
845 707 967 764 arvini
985 707 1220 765 uanlvnnnsrs

307 795 394 837 crire.
408 795 466 837 cat.
1470 796 1512 836 na.
1527 793 1631 839 cunone„

324 875 447 931 xxxiiii
545 863 599 928 Hic
613 862 700 926 etiam
715 881 769 944 pro
785 881 838 925 sua
852 863 992 943 grauitate
1006 863 1079 926 uitio
1095 863 1167 927 mihi
1185 864 1329 940 uertebat,
1350 866 1430 946 quod
1444 883 1493 926 me
1507 881 1562 927 nec

458 967 621 1029 sordidiora
640 966 736 1029 dicere
755 967 878 1030 honeste
893 966 1012 1045 pigeret.
1035 973 1065 1028 at
1083 985 1136 1046 ego
1157 968 1197 1029 illi
1218 974 1320 1029 contra
1334 968 1439 1030 iustius
1454 985 1562 1048 expro-

356 1092 445 1134 crm.
459 1069 583 1143 brarim‚
613 1068 692 1148 quod
718 1067 768 1147 qni
793 1063 806 1150 Ι
835 1068 1017 1148 eloquentiae
1041 1069 1236 1149 patrocinium
1261 1070 1350 1149 uulgo
1379 1071 1562 1151 profiteatur,

457 1171 544 1233 etiam
558 1171 683 1234 honesta
697 1170 776 1232 dictu
790 1169 908 1232 sordide
921 1169 1058 1234 blatteret
1077 1190 1111 1233 ac
1125 1189 1211 1252 saepe
1229 1171 1260 1234 in
1273 1171 1362 1235 rebus
1376 1188 1561 1253 nequaquam

458 1273 622 1336 difficilibus
639 1271 801 1352 fringultiat
819 1273 866 1333 uel
888 1272 1010 1335 omnino
1032 1273 1224 1336 obmutescat.
1260 1273 1331 1336 cedo
1352 1273 1441 1350 enim,
1461 1275 1486 1336 si
1505 1293 1559 1355 ego
1582 1289 1597 1339 5

459 1377 494 1437 de
508 1375 628 1437 Veneris
644 1379 739 1435 statua
752 1374 825 1435 nihil
839 1373 977 1435 dixissem
991 1391 1086 1454 neque
1100 1374 1329 1438 interfeminium
1349 1376 1559 1452 nominassem,
1574 1389 1631 1445 (irc)

458 1477 564 1559 quibus
579 1476 698 1538 tandem
712 1475 811 1540 uerbis
826 1493 994 1538 accusasses
1014 1476 1126 1539 crimen
1139 1477 1217 1539 illud
1235 1483 1297 1538 tam
1315 1477 1453 1540 stultitiae
1473 1496 1561 1558 quam

458 1580 572 1659 linguae
586 1585 653 1641 tuae
668 1574 856 1659 congruens?
879 1595 917 1638 an
931 1578 1087 1658 quicquam
1107 1579 1225 1641 stultius
1245 1597 1334 1659 quam
1353 1598 1388 1640 er
1405 1579 1561 1642 nominum

457 1681 675 1762 propinquitate
695 1682 757 1743 uim
776 1681 901 1743 similem
921 1698 1021 1743 rerum
1041 1677 1219 1743 coniectari?
1241 1688 1285 1743 set
1298 1671 1424 1744 fortasse
1440 1698 1478 1741 an
1491 1699 1562 1761 per-

459 1791 541 1846 acute
562 1782 727 1864 repperisse
747 1782 834 1845 ucbis
852 1781 1046 1857 uidebamini‚
1071 1792 1104 1844 ut
1122 1783 1271 1863 quaesisse
1289 1802 1337 1844 me
1356 1783 1504 1864 fingeretis
1524 1785 1561 1844 ad
1583 1798 1614 1850 to

458 1884 607 1948 illecebras
627 1885 753 1964 magicas
774 1886 833 1948 duo
856 1885 928 1948 haec
946 1885 1073 1960 marina,
1092 1886 1256 1948 ueretillum
1276 1892 1306 1947 et
1323 1886 1460 1966 uirginal;
1483 1886 1561 1948 disce

459 1988 539 2050 enim
552 1987 673 2048 nomina
682 2005 782 2050 rerum
790 1986 901 2060 Latina,
917 2004 991 2066 quae
1001 1993 1157 2068 propterea
1170 1987 1250 2051 uarie
1259 1988 1420 2063 nominaui,
1440 1985 1445 2072 Ι
1463 1994 1498 2050 ut
1508 1988 1561 2050 de·

459 2109 519 2155 nuo
535 2091 696 2153 insudetus
711 2108 840 2152 accuses.
869 2094 1019 2150 memento
1035 2095 1132 2152 tamen
1147 2097 1209 2152 tam
1227 2091 1384 2154 ridiculum
1403 2107 1561 2171 argumen-

457 2200 522 2255 tum
536 2193 601 2255 fore
616 2192 777 2255 desiderata
792 2191 827 2252 ad
842 2209 889 2253 res
909 2208 1050 2254 uenereas
1065 2192 1177 2254 marina
1192 2193 1327 2269 obscena,
1343 2212 1432 2274 quam
1446 2193 1471 2255 si
1482 2193 1561 2255 dicas
1586 2230 1588 2235 .

458 2295 606 2359 marinum
621 2295 766 2376 pectinem
782 2293 926 2357 comendo
941 2294 1045 2376 capillo
1061 2295 1225 2375 quaesitum
1243 2297 1291 2358 uel
1305 2295 1483 2376 aucupandis
1503 2312 1561 2358 uo·
1582 2309 1614 2362 15

458 2398 585 2460 lantibus
605 2398 716 2478 piscem
736 2397 903 2477 accipitrem
930 2403 981 2459 aut
999 2398 1142 2460 uenandis
1169 2398 1246 2478 apris
1268 2399 1379 2479 piscem
1398 2397 1561 2481 apriculum

459 2506 509 2562 aut
523 2500 670 2562 eliciendis
692 2499 818 2562 mortuis
838 2498 951 2560 marina
973 2500 1107 2562 caluaria.
1136 2501 1302 2583 respondeo
1322 2500 1409 2580 igitur
1427 2501 1562 2565 adhunc

459 2609 593 2665 uestrum
607 2603 706 2664 locum
724 2618 786 2662 non
800 2601 898 2663 minus
913 2600 1024 2665 insulse
1039 2620 1128 2682 quam
1142 2602 1270 2665 absurde
1284 2610 1496 2677 commentum,
1512 2622 1561 2664 me

458 2707 545 2768 hasce
560 2722 652 2784 nugas
667 2704 795 2767 marinas
809 2710 839 2765 et
853 2703 1023 2784 quisquilias
1037 2704 1158 2766 litoralis
1173 2722 1267 2785 neque
1277 2704 1371 2786 pretio
1386 2722 1481 2784 neque
1493 2723 1560 2785 gra-
1574 2728 1632 2785 (aar)

458 2809 496 2870 tis
512 2807 669 2888 quaesisse.
1581 2832 1616 2884 20

337 2924 442 2978 xxxv
544 2909 619 2971 lllud
645 2907 732 2970 etiam
757 2912 906 2988 praeterea
930 2908 1106 2987 respondeo,
1133 2909 1262 2977 nescisse
1286 2926 1352 2983 uos,
1378 2907 1448 2988 quid
1473 2926 1490 2969 a
1514 2926 1562 2969 me

459 3011 624 3093 quaesitum
638 3008 795 3090 fingeretis.
824 3009 896 3073 haec
918 3009 997 3071 enim
1016 3010 1121 3072 friuola
1140 3028 1213 3090 quae
1232 3009 1406 3072 nominastis
1425 3011 1562 3090 pleraque

458 3115 489 3176 in
509 3113 643 3176 litoribus
664 3111 802 3174 omnibus
816 3111 979 3192 congestim
998 3118 1028 3173 et
1046 3112 1203 3176 acematim
1222 3111 1325 3185 iacent,
1346 3118 1376 3173 et
1394 3111 1456 3174 sine
1474 3111 1562 3175 ullius

423 3244 425 3247 ·
462 3234 551 3297 opera
574 3215 734 3296 quamlibet
760 3213 865 3277 leuiter
889 3213 979 3281 motis
998 3215 1151 3278 flucticulis
1175 3215 1254 3276 ultro
1273 3213 1353 3276 foras
1373 3215 1561 3277 euoluuntur.

460 3319 532 3398 quin
553 3336 622 3399 ergo
643 3316 737 3379 dicitis
755 3336 809 3387 me
832 3315 934 3378 eadem
959 3334 1049 3399 opera
1073 3317 1168 3400 pretio
1187 3316 1322 3398 impenso
1345 3317 1561 3398 perplurimos
1583 3331 1617 3384 25

459 3657 476 3692 v
502 3636 508 3708 Ι
533 3636 682 3690 foemorisv
704 3636 716 3706 Ι

528 3721 540 3772 1
556 3719 711 3788 u.rtebat‹p
733 3716 745 3786 Ι
768 3717 1031 3785 iexprobrauerimv
1054 3716 1065 3787 Ι
1090 3717 1323 3770 bomnutescatll
1351 3703 1371 3784 Ι
1382 3717 1489 3770 caedor
1513 3715 1523 3786 Ι
1547 3717 1565 3768 6

459 3856 534 3908 nichil
546 3873 569 3925 φ
595 3853 600 3922 Ι
619 3852 811 3906 interfeminium
824 3869 845 3916 ς,
861 3799 1044 3906 interfeminium
1056 3851 1086 3918 ll,
1102 3850 1284 3906 interfeminem
1296 3869 1327 3922 ip,
1348 3849 1564 3904 interfocmincam

459 3936 494 3989 V:
507 3932 879 3987 interfeminicllildatrandiua
902 3931 913 4001 Ι
940 3933 1133 3985 'istultioiacv
1164 3932 1174 4003 Ι
1202 3933 1367 3984 ticoniectari
1381 3950 1402 3998 ς,
1423 3933 1564 3985 coniectum

460 4014 553 4086 Frle
580 4016 746 4068 sarranates:
762 4023 789 4068 et
804 4014 867 4085 nov
893 4012 897 4081 Ι
924 4022 1059 4081 praeacuto
1075 4031 1093 4067 v
1116 4011 1126 4081 ΙΙ
1151 4014 1182 4064 10
1195 4014 1334 4080 reppetissc
1346 4014 1377 4079 F,
1393 4014 1519 4079 repetisse
1530 4030 1564 4083 φ,

460 4095 633 4163 repperissev
666 4095 671 4162 Ι
701 4099 929 4166 ῠιίαριοιοίίοηηπ
947 4098 1048 4149 mamni
1063 4100 1089 4147 ct
1108 4101 1138 4146 ut
1156 4098 1259 4164 scripsi:
1282 4094 1369 4160 actv,
1389 4109 1465 4164 dorp:
1486 4094 1566 4163 volgo

460 4176 617 4231 uidebamini.
642 4174 677 4227 At
700 4174 711 4244 Ι
736 4178 766 4228 11
780 4178 923 4229 ueretillam
935 4176 1000 4246 Fcpv
1018 4175 1027 4244 ΙΙ
1049 4177 1081 4228 13
1098 4172 1218 4227 instruct’
1239 4191 1267 4227 v:
1294 4175 1443 4228 instructius
1459 4175 1565 4246 Lipsius

458 4258 466 4326 ΙΙ
482 4259 513 4310 15
531 4257 676 4310 commendo
692 4272 710 4308 v
725 4255 729 4324 Ι
744 4257 890 4310 dolatilibus
902 4258 1017 4310 Boneita
1032 4256 1043 4322 ΙΙ
1061 4250 1092 4308 18
1102 4260 1164 4326 port
1174 4271 1213 4307 me
1225 4259 1251 4308 ire
1263 4274 1286 4326 φ
1296 4272 1392 4311 rasura
1414 4255 1425 4326 Ι
1451 4257 1482 4309 19
1495 4257 1565 4325 qnis-

461 4339 552 4405 quilies
563 4339 603 4390 cal
618 4346 692 4406 atque
705 4338 820 4405 siquillas
834 4337 990 4393 Gratiam:
1003 4338 1131 4407 quiscilias
1144 4337 1172 4403 F,
1185 4337 1226 4405 qui
1238 4338 1326 4390 scillas
1338 4355 1370 4407 φ,
1383 4337 1514 4406 quiscilias
1525 4353 1543 4390 v
1562 4336 1567 4405 Ι

460 4418 576 4470 litorales
588 4438 620 4490 φ,
637 4419 759 4472 littoralis
770 4434 788 4469 v
807 4417 811 4485 Ι
831 4421 916 4487 precio
929 4437 946 4474 v
965 4419 978 4490 Ι
1002 4420 1034 4472 22
1046 4417 1139 4472 fribola
1150 4417 1196 4488 Fip
1219 4415 1229 4486 Ι
1253 4419 1286 4472 23
1298 4417 1428 4528 12ιὲ1111111
1441 4414 1536 4471 omnib'
1548 4433 1566 4468 v

461 4539 472 4609 Ι
484 4540 517 4592 24
528 4540 620 4592 leniter
632 4542 737 4596 lateatne
760 4540 771 4611 Ι
782 4542 816 4594 25
832 4541 947 4608 prcciov
970 4538 975 4608 Ι
1001 4540 1116 4610 plurimis
1128 4556 1157 4593 os
1169 4540 1199 4608 F,
1210 4540 1326 4609 plurimis
1349 4554 1414 4609 osrp
1436 4536 1448 4606 Ι
