3867 5559
733 1303 907 1408 rslnol'
933 1312 1231 1409 OASAVBONl

832 1482 1125 1576 PRAEFATIO

514 1803 591 1874 Viro
618 1744 904 1897 illustri'losepho
932 1799 1099 1893 Scaligero
1127 1799 1185 1870 lul.
1213 1798 1361 1870 Caesaris
1389 1798 1448 1870 Fil.

834 1915 875 1986 ls‚
903 1913 1117 1986 Casauhonus

928 2030 962 2102 S.
991 2029 1028 2100 l).

517 2255 637 2344 Eritne,
661 2258 712 2325 vir
733 2257 941 2343 nobilissime,
965 2268 1001 2324 ut
1022 2268 1058 2325 tu
1079 2280 1131 2323 me
1154 2269 1247 2347 putes
1270 2260 1335 2326 otio
1358 2283 1430 2326 meo
1452 2262 1529 2326 abu-

430 2389 516 2448 sum,
548 2389 621 2430 cum
649 2365 738 2430 hisce
767 2364 879 2431 diebus
902 2365 1117 2431 recensendae
1141 2366 1215 2432 huic
1239 2390 1335 2454 quam
1357 2365 1416 2432 tibi
1439 2365 1530 2430 mitto

429 2470 587 2554 Orationi,
611 2470 764 2558 temporis
790 2471 988 2557 aliquantum
1011 2469 1126 2559 posui?
1150 2469 1221 2537 Scis
1238 2472 1322 2537 enim
1339 2480 1430 2559 pater
1445 2470 1530 2536 illius

343 2635 345 2639 ,
429 2601 525 2665 quam
547 2576 631 2642 male
655 2575 739 2662 apud
762 2577 879 2640 multos
902 2575 1026 2641 audiat:
1054 2599 1151 2663 quam
1174 2600 1289 2663 graves
1314 2577 1352 2641 de
1376 2577 1445 2642 eius
1467 2575 1529 2640 La-

428 2682 553 2748 tinitate
582 2681 759 2748 sententiae
788 2681 885 2769 vulgo
914 2683 1066 2748 ferantur.
1116 2680 1211 2760 Quod
1240 2683 1325 2749 situ
1348 2682 1432 2748 idern
1457 2704 1530 2746 cen·

429 2811 489 2870 ses,
514 2787 591 2876 quid
614 2787 700 2854 aliud
724 2787 763 2854 de
786 2811 848 2873 me,
873 2798 905 2854 et
927 2809 965 2854 ea
989 2811 1085 2876 quam
1108 2787 1161 2853 hic
1185 2787 1328 2875 impendi
1344 2811 1442 2876 opera
1457 2810 1529 2875 pro·

428 2894 565 2979 nunties,
581 2893 644 2958 nisi
658 2894 759 2959 bonas
774 2894 869 2958 horas
886 2895 970 2959 male
985 2916 1036 2958 me
1053 2893 1251 2958 collocasse?
1272 2894 1346 2980 Ego
1363 2917 1439 2959 vero
1457 2915 1530 2959 eum

429 3002 469 3067 ab
499 3023 537 3066 eo
566 3000 663 3086 longe
692 3000 821 3082 absum,
850 3009 886 3066 ut
913 2999 958 3065 ita
988 2997 1027 3062 de
1055 2998 1118 3063 hoc
1148 2998 1267 3085 scripto
1295 2997 1384 3086 (nam
1406 2998 1530 3085 reliqua

429 3105 571 3172 eiusdem
594 3105 674 3171 nihil
696 3104 817 3193 moror)
837 3104 1094 3171 existimantibus
1110 3104 1282 3170 assentiar:
1306 3114 1372 3169 tum
1389 3104 1531 3170 eiusdem

427 3221 460 3278 te
483 3211 561 3277 mihi
583 3211 694 3278 iudicii
718 3235 798 3296 esse,
822 3212 927 3277 nullus
950 3211 1071 3277 dubito·
1109 3210 1182 3276 Nisi
1207 3210 1292 3276 enim
1314 3210 1442 3275 illorum
1464 3209 1530 3298 opi-

428 3317 517 3383 nioni
546 3317 745 3400 accedimus,
775 3318 829 3405 qui
857 3318 953 3383 totius
982 3315 1166 3382 Latinitatis
1193 3317 1273 3382 fines
1302 3339 1376 3398 sex,
1408 3325 1530 3403 septem
1577 3329 1581 3338 '

428 3432 595 3489 auctorum
624 3422 750 3510 scriptis
780 3423 936 3489 contineri
964 3429 1093 3509 putant:
1122 3420 1197 3508 quid
1225 3430 1273 3484 est
1296 3445 1352 3486 cur
1374 3420 1427 3486 hic
1449 3421 1532 3486 liber

428 3529 566 3618 lectione
589 3552 627 3594 ac
645 3527 750 3594 studio
768 3538 876 3594 nostro
893 3526 1044 3614 indignus
1063 3549 1133 3592 esse
1149 3525 1319 3592 videatur?
1341 3526 1427 3592 Nam
1444 3525 1531 3612 equi-

429 3634 502 3701 dem
525 3634 572 3700 sic
596 3657 727 3700 censeo:
756 3644 829 3724 post
851 3643 996 3721 tempora
1019 3631 1257 3700 Antoninorum
1279 3633 1336 3699 vix
1360 3632 1531 3720 quicquam

429 3740 515 3807 aliud
538 3748 648 3807 extare
670 3740 767 3805 hodie
795 3740 899 3827 magis
923 3738 1122 3826 πεπινωμένον,
1151 3740 1254 3827 magis
1278 3747 1436 3821 comtum,
1466 3760 1531 3803 rna·

429 3845 479 3934 gis
510 3845 647 3934 denique
676 3846 838 3913 Latinum.
883 3846 951 3913 Aut
980 3845 1065 3911 dicat
1087 3844 1165 3910 mihi
1189 3844 1319 3931 aliquis,
1349 3843 1404 3909 ubi
1431 3843 1532 3908 maior

429 3975 526 4040 quam
548 3951 582 4016 in
603 3951 666 4016 hoo
688 3951 822 4036 tantulo,
851 3961 882 4018 et
905 3974 942 4016 eo
966 3951 1096 4039 quidem
1119 3950 1238 4017 forensi
1261 3949 1398 4037 scripto,
1428 3947 1531 4013 erudi-

429 4056 525 4122 tionis
553 4079 618 4122 non
646 4057 799 4145 protritae
830 4056 932 4144 copia.
985 4079 1081 4143 quam
1109 4057 1289 4144 eleganter,
1319 4077 1416 4143 quarn
1439 4052 1532 4118 docte

428 4161 492 4227 loci
514 4161 567 4226 hic
591 4161 712 4251 aliquot
735 4184 752 4227 e
775 4160 981 4249 Philosophia
1003 4162 1204 4228 tractantur?
1227 4170 1381 4249 quantum
1404 4159 1438 4224 in
1461 4181 1532 4224 sen-

429 4267 537 4334 tentiis
561 4268 719 4334 acumen?
743 4276 862 4354 quanta
884 4268 919 4334 in
941 4267 1092 4351 dictione,
1116 4276 1152 4332 ut
1171 4267 1209 4331 iis
1226 4266 1423 4354 temporibus
1439 4274 1471 4329 et
1486 4264 1531 4328 lo-

430 4374 487 4456 cis,
512 4373 665 4440 castitas?
687 4372 763 4439 Non
786 4373 839 4438 hic
861 4373 940 4438 mihi
963 4373 1134 4461 quisquam
1150 4371 1290 4459 reperiat
1304 4372 1385 4437 ullos
1401 4368 1454 4435 τῶν
1471 4396 1531 4454 νοη-
1629 4359 1630 4362 “

429 4473 526 4562 μάτων
550 4462 646 4560 ὄγκους
670 4488 702 4545 et
725 4488 866 4544 tumores
888 4501 999 4560 vanos,
1023 4486 1078 4544 aut
1100 4478 1275 4565 argutiolas
1299 4477 1439 4565 ineptas:
1468 4497 1531 4540 non
