3867 5559
848 758 1018 814 monocn
1122 725 1123 729 ‘
1446 764 1484 826 61

306 847 350 888 Ed·
366 846 469 888 ordene.
1460 847 1476 888 s.
1485 846 1545 888 1150„
1560 848 1576 888 i·
1586 847 1633 892 leh.

379 915 450 978 deor
464 915 500 976 de
514 914 605 977 nihilo
621 919 820 995 percontatus,
842 931 880 975 an
900 920 978 974 esset
998 912 1114 974 mulieri
1131 913 1173 976 illi
1191 920 1280 995 caput
1299 931 1397 994 meuc,
1418 932 1483 975 cer-

378 1017 428 1079 uix
437 1024 569 1098 torpens,
580 1022 715 1096 tempora
726 1015 849 1094 pulsata,
864 1014 950 1076 aures
961 1033 1095 1077 sonorae.
1110 1022 1251 1090 ceterum,
1269 1011 1273 1100 Ι
1290 1016 1368 1096 quod
1382 1015 1483 1076 dexte-

289 1167 294 1173 .
377 1137 427 1182 rae
441 1120 519 1181 auris
534 1118 696 1181 crebriores
716 1116 838 1178 tinnitus
857 1116 1013 1191 fatebatur,
1034 1117 1152 1197 signum
1171 1124 1232 1179 erat
1250 1117 1347 1179 morbi
1367 1117 1483 1196 penitus

265 1251 267 1257 ·
378 1221 480 1282 adacti.
510 1238 580 1282 nam
594 1221 711 1282 dextera
728 1220 864 1300 corporis
878 1219 1021 1281 ualidiora
1034 1228 1113 1294 sunt,
1134 1211 1227 1299 eoque
1246 1220 1345 1282 minus
1365 1219 1428 1299 spei
1448 1219 1485 1280 ad

342 1334 359 1384 t
379 1323 532 1385 sanitatem
547 1323 724 1402 relinquunt,
740 1341 808 1384 oum
823 1329 853 1383 et
866 1322 930 1402 ipsa
943 1321 1114 1400 aegritudini
1134 1323 1339 1385 succumbunt.
1368 1320 1483 1383 bristo-

378 1423 450 1486 teles
465 1426 537 1486 adeo
552 1425 583 1485 in
597 1424 787 1505 problematis
800 1424 943 1503 scriptum
964 1411 1090 1502 reliquit,
1112 1424 1345 1504 quibuscumque
1368 1423 1484 1484 caducis

378 1543 396 1587 a
411 1525 530 1588 dextero
544 1525 668 1588 morbus
683 1525 815 1605 occipiat,
830 1544 935 1587 eorum
949 1543 1015 1587 esse
1029 1525 1223 1588 difficiliorem
1238 1526 1390 1587 medelam.
1417 1527 1484 1588 lon·

379 1646 450 1708 gum
464 1634 518 1702 est,
534 1629 559 1689 si
573 1628 664 1690 uelim
677 1628 873 1708 Theophrasti
887 1646 1005 1707 quoque
1021 1628 1194 1690 sententiam
1209 1628 1245 1688 de
1259 1628 1363 1689 eodem
1377 1626 1483 1689 morbo

310 1755 369 1808 (ιιι)
383 1747 549 1806 recensere3
569 1737 616 1792 est
634 1730 713 1792 enim
733 1730 820 1791 etiam
839 1729 902 1790 eius
922 1730 1055 1809 egregius
1074 1730 1147 1792 liber
1167 1731 1202 1791 de
1222 1730 1347 1791 caducis.
1378 1728 1484 1808 quibus

328 1845 360 1894 to
379 1838 478 1894 tamen
496 1833 528 1894 in
547 1832 603 1893 alio
620 1832 705 1905 libro,
725 1850 813 1912 quem
834 1831 870 1891 de
887 1831 1086 1893 inuidentibus
1107 1832 1280 1894 animalibus
1300 1830 1484 1910 conscripsit,

380 1934 509 1995 remedio
524 1952 589 1996 esse
604 1934 644 1994 ait
657 1933 776 1995 crumas
791 1933 970 2006 stellionum,
986 1951 1059 2012 quas
1073 1935 1155 1996 uelut
1174 1935 1289 1996 senium
1309 1951 1392 1995 more
1406 1938 1485 1994 eete-

380 2053 484 2096 rorum
499 2036 680 2116 serpentium
694 2034 879 2115 temporibus
900 2035 1016 2096 statutis
1037 2043 1152 2097 exuant.
1182 2036 1234 2098 sed
1253 2035 1309 2097 nisi
1329 2033 1484 2101 confestim

380 2136 496 2216 eripias,
510 2138 677 2217 malignone
690 2136 842 2217 praesagio
857 2154 894 2197 un
908 2137 1033 2198 naturali
1048 2138 1210 2218 adpetentia
1223 2137 1289 2198 ibeo
1304 2144 1485 2198 conuertun-

380 2244 430 2299 tur
444 2245 472 2299 et
487 2238 639 2314 deuorant.
667 2240 739 2300 haee
752 2238 861 2300 idcirco
876 2240 1117 2314 commemoraui,
1133 2239 1277 2300 nobilium
1292 2237 1485 2319 philosopho-

329 2350 361 2399 15
381 2357 449 2400 rum
465 2339 610 2420 disputata
624 2340 712 2401 simul
726 2346 755 2401 et
768 2339 859 2401 libros
875 2340 977 2402 sedulo
992 2342 1143 2403 nominaui
1162 2359 1216 2402 nec
1234 2340 1328 2401 ullum
1342 2357 1377 2399 ex
1391 2337 1486 2400 medi-

382 2441 424 2502 cis
438 2448 489 2502 aut
503 2441 598 2522 poetis
612 2441 693 2504 uolui
708 2442 858 2522 attingere,
878 2449 912 2503 ut
925 2441 974 2503 isti
994 2442 1128 2505 desinent
1143 2442 1252 2516 mirari,
1274 2442 1299 2502 si
1317 2439 1486 2521 philosophi

381 2550 484 2623 suapte
498 2542 630 2605 doctrine
645 2563 747 2607 causas
761 2543 936 2606 morborum
951 2551 981 2605 et
995 2547 1123 2608 remedia
1133 2551 1293 2607 nonerunt.
1320 2542 1408 2622 igitur
1418 2559 1487 2604 cum

383 2646 419 2707 ed
433 2645 646 2726 inspiciendum
660 2647 767 2709 mulier
782 2665 867 2726 aegra
880 2647 1040 2708 curationis
1055 2649 1146 2726 gratia
1166 2648 1203 2708 ad
1221 2665 1269 2707 me
1283 2646 1424 2725 perducta
1438 2644 1486 2718 sit,

312 2763 369 2818 (ιιι)
383 2755 469 2826 atque
483 2748 542 2809 hoc
555 2755 585 2807 et
598 2748 703 2810 medici
717 2749 903 2810 confessione
918 2749 968 2828 qui
982 2748 1101 2810 adduxit
1120 2751 1156 2811 ad
1176 2767 1272 2811 meam
1288 2745 1487 2808 ratiocinatio-

328 2863 363 2914 ro
383 2867 452 2911 nem
466 2856 544 2911 recte
558 2850 669 2912 factum
684 2868 749 2912 esse
763 2851 931 2912 conueniet:
952 2858 1004 2912 aut
1018 2852 1208 2926 constituant,
1228 2850 1306 2929 magi
1320 2855 1349 2910 et
1363 2847 1486 2910 malefici

381 2951 511 3014 hominis
525 2970 590 3013 esse
606 2952 718 3014 morbis
733 2953 853 3028 mederi,
869 2959 919 3015 aut
933 2952 959 3014 si
972 2952 1031 3015 hoc
1045 2953 1141 3016 dicere
1161 2971 1222 3016 non
1241 2951 1360 3025 audent,
1374 2951 1488 3014 latean-

381 3059 440 3127 tur,
455 3072 487 3114 se
497 3053 533 3115 in
546 3072 638 3134 puero
654 3049 667 3138 ΙΙ
682 3061 712 3117 et
725 3055 848 3118 muliere
862 3055 978 3118 caducis
999 3072 1091 3120 uanus
1111 3062 1140 3118 et
1154 3073 1278 3135 prorsus
1294 3052 1417 3116 caducas
1438 3069 1487 3116 ee·
1501 3069 1518 3109 r.
1533 3068 1595 3109 nn.

381 3155 508 3220 lumnias
522 3155 692 3219 intendisse.

400 3346 415 3392 6
434 3344 573 3394 Aristotelis
590 3344 680 3408 fragm.
698 3344 737 3397 ed.
756 3345 824 3395 Rore
841 3361 867 3409 p.
886 3347 947 3395 281.
1217 3379 1223 3399 s

400 3430 415 3478 9
434 3428 518 3480 Laert-
534 3428 609 3493 Diog.
627 3427 652 3478 V
671 3430 776 3481 42-48
795 3428 861 3499 (sepi
878 3417 1017 3495 ΙπιλιΙιΙιιις
1039 3423 1073 3493 α’,
1102 3426 1156 3497 περὶ
1179 3420 1226 3479 edo
1248 3417 1313 3495 ζῷων
1333 3415 1384 3481 e‘re
1406 3424 1450 3478 bi·

433 3529 504 3580 peret
521 3511 626 3580 oberro
643 3501 689 3577 α’).

384 3597 415 3645 ιι
435 3595 500 3648 run.
517 3604 570 3649 ιιι.
587 3597 647 3652 hut
663 3597 741 3648 xxx
761 3599 803 3664 ro,
822 3598 936 3649 er-es.

451 3785 606 3857 trichilep
640 3784 651 3856 Ι
686 3784 818 3838 remur
843 3783 848 3852 Ι
878 3799 988 3838 sonorae
1005 3792 1118 3837 ceterum
1130 3802 1155 3851 ς,
1176 3799 1269 3837 senoru
1287 3793 1314 3837 et
1327 3794 1440 3840 ceterum
1455 3786 1484 3856 ll,

383 3899 487 3936 eonor..
501 3892 528 3936 et
540 3894 652 3937 ceterum
663 3901 695 3953 φ,
708 3897 802 3935 sonora
814 3890 841 3934 et
852 3891 981 3935 caeterum
993 3900 1010 3935 v
1029 3884 1034 3951 Ι
1054 3868 1130 3936 dexte
1143 3902 1175 3954 φ,
1188 3884 1294 3936 dextrae
1307 3900 1324 3937 v
1340 3884 1351 3954 Ι
1372 3887 1389 3937 4
1401 3887 1485 3940 execti

381 3963 547 4033 Stewecbiur,
563 3965 663 4016 adaucti
681 3962 824 4017 Groelote'ur
855 3963 866 4033 Ι
898 3965 1082 4028 heegritudini
1094 3965 1258 4017 succumbunt
1271 3983 1295 4031 ς,
1321 3968 1485 4030 aegritudinis

382 4045 612 4116 decumbuutFepV
635 4044 646 4115 Ι
670 4044 855 4097 bscribtumV
881 4043 885 4112 Ι
912 4045 1106 4112 quibuscumque
1120 4061 1140 4110 ς,
1158 4046 1321 4115 quibuseque
1339 4050 1414 4118 Fepv:
1430 4051 1485 4117 qui-

381 4125 476 4195 busque
498 4126 638 4192 Aee'daliru,
662 4141 741 4196 seque
758 4126 869 4194 reliquit,
890 4127 980 4194 quibus
997 4127 1204 4194 longemanum
1235 4126 1245 4197 Ι
1274 4130 1305 4181 10
1317 4129 1485 4182 inuidentibus

381 4206 451 4276 FepV
463 4209 498 4272 (et
507 4207 695 4275 Cremerensi:
708 4225 758 4260 nou
768 4198 911 4260 uidentibus
924 4225 937 4266 ς
950 4207 956 4277 Ι
971 4207 1154 4261 conscribsitV
1166 4207 1176 4276 Ι
1189 4209 1219 4260 11
1234 4210 1339 4260 exubiae
1351 4210 1397 4263 FV
1411 4208 1417 4278 Ι
1431 4217 1485 4262 ste-

381 4287 476 4340 lionum
487 4288 533 4342 FV
559 4286 565 4358 Ι
590 4298 779 4343 creterorurnv
801 4287 812 4357 Ι
837 4290 868 4342 13
880 4290 1031 4356 presagiull
1053 4287 1059 4356 Ι
1085 4289 1229 4356 adpetentis
1240 4289 1294 4354 FV,
1307 4291 1485 4360 appetentiae>

379 4421 385 4489 Ι
410 4422 480 4474 illico
493 4441 516 4492 φ
540 4420 551 4490 Ι
576 4425 608 4476 tl
620 4424 713 4476 iccirco
724 4439 742 4477 r
767 4425 772 4491 Ι
792 4381 1012 4492 ῗῗῗιωὲιιιοιιιιίφ
1036 4421 1046 4491 Ι
1069 4425 1100 4475 19
1113 4424 1145 4474 ud
1156 4437 1212 4475 mee
1225 4422 1417 4476 ratiocinatione
1430 4425 1484 4494 up,

380 4503 413 4553 ud
422 4518 501 4554 meam
513 4504 729 4556 ratiocinationem
740 4520 769 4557 v:
781 4520 811 4555 ue
823 4519 878 4556 mee
890 4504 1083 4558 ratiocinatione
1094 4504 1200 4556 Fuluius
1232 4502 1243 4572 Ι
1275 4505 1307 4556 ²2
1320 4506 1365 4556 red
1377 4519 1485 4571 prorsus

381 4583 433 4650 Pl
455 4584 688 4656 idcelumpnieep
709 4584 722 4654 Ι
