3867 5559
452 728 493 792 96
793 727 821 778 L.
841 726 963 781 APVIAE'I
975 727 1211 781 Manavuuusis

310 811 327 852 1.
337 811 398 852 issa.
410 811 483 852 Min.
1466 814 1510 856 Μ
1525 815 1635 861 Oulud.

455 880 566 940 factum
597 876 710 941 obliuio
738 877 915 960 capesseret.
955 882 1059 955 miser,
1092 899 1152 943 non
1183 881 1340 960 intellegis,
1376 883 1482 945 iccirco
1507 902 1563 964 pa·

455 987 556 1043 truum
582 989 667 1042 tuum
692 979 751 1041 hoc
775 981 838 1042 lieri
863 1000 995 1062 passam,
1021 999 1080 1061 quo
1106 1001 1138 1044 se
1162 981 1332 1044 hominibus
1357 991 1509 1064 purgaret,
1537 986 1563 1046 si

456 1103 490 1145 ex
511 1083 601 1144 literis
622 1082 681 1144 tuis
699 1089 881 1158 nosceretur,
908 1091 941 1145 te
963 1083 1051 1145 etiam
1075 1083 1158 1162 prius
1181 1101 1270 1163 quam
1290 1086 1414 1148 adeum
1434 1086 1562 1147 commi-

456 1202 580 1264 grasses,
603 1185 690 1246 etiam
705 1203 774 1247 cum
788 1186 875 1246 matri
888 1186 1062 1259 blandirere‚
1076 1192 1176 1247 tamen
1189 1184 1247 1246 mm
1262 1193 1326 1249 tum
1341 1187 1511 1267 uolpionem
1533 1196 1563 1250 et

307 1288 581 1369 cxxxvuimpium
596 1288 697 1350 baisse.
727 1293 858 1348 ceterum
871 1303 985 1367 nequeo
1006 1287 1037 1347 in
1051 1287 1182 1348 animum
1196 1287 1344 1362 iuducere,
1360 1295 1421 1349 tam
1435 1290 1561 1352 stultum
1582 1301 1598 1350 5
1639 1290 1642 1297 “

455 1390 650 1452 Aemilianum
664 1407 740 1464 esse,
754 1396 788 1451 ut
802 1389 969 1464 arbitretur,
984 1389 1056 1450 mibi
1071 1389 1169 1451 literas
1183 1389 1267 1468 pueri
1281 1396 1310 1450 ct
1325 1390 1457 1452 eiusdem
1473 1410 1562 1454 accu-

377 1564 382 1575 .
456 1491 563 1553 satoris
577 1491 636 1552 mei
651 1493 803 1553 obfuturas.
1463 1542 1466 1546 .

541 1593 609 1654 Fuit
623 1599 652 1653 et
667 1593 714 1655 illa
728 1593 932 1655 commenticia
947 1593 1071 1673 epistula
1085 1610 1181 1672 neque
1199 1611 1265 1654 mea
1279 1611 1370 1656 manu
1385 1593 1492 1675 scripta
1506 1613 1561 1657 ne-

456 1713 512 1773 que
527 1694 724 1759 consimiliter
738 1696 871 1769 conficta,
884 1712 940 1775 qua
950 1695 1044 1756 uideri
1054 1694 1193 1756 uolebant
1205 1694 1352 1758 blanditiis
1367 1714 1442 1757 ame
1454 1697 1561 1759 mulie·

455 1814 517 1857 rem
542 1797 734 1859 sollicitatam.
770 1815 823 1859 cur
847 1816 901 1876 ego
921 1797 1077 1869 blandirer,
1104 1796 1129 1857 si
1153 1796 1248 1875 magia
1271 1794 1476 1858 confidebam?
1502 1816 1564 1883 qua
1582 1808 1614 1857 to

455 1906 553 1960 autem
567 1899 615 1961 uia
629 1899 665 1960 ad
679 1899 753 1961 istos
767 1898 904 1980 peruenit
917 1898 1051 1978 epistula,
1063 1898 1099 1959 ad
1110 1897 1305 1960 Pudentillam
1317 1898 1425 1960 scilicet
1438 1917 1491 1978 per
1505 1900 1559 1960 eli-

455 2018 542 2080 quem
557 2001 672 2062 fidelem
687 2000 786 2074 missa,
797 2009 832 2062 ut
844 2001 874 2061 in
889 2017 922 2061 re
935 1999 986 2060 tali
1000 2000 1131 2061 accurari
1146 1997 1245 2062 solat?
1270 2017 1323 2061 cur
1337 2006 1485 2078 praeterea
1495 2007 1557 2062 tam
1571 2019 1631 2071 (aas)

455 2102 570 2164 uitiosis
594 2103 703 2176 uerbis,
729 2110 789 2163 tam
809 2101 932 2164 barbaro
955 2119 1093 2163 sermone
1112 2120 1166 2181 ego
1186 2099 1355 2175 scriberem,
1376 2120 1464 2181 quem
1478 2101 1557 2163 idem

455 2203 555 2264 dicium
568 2220 753 2283 nequaquam
769 2204 893 2266 Graecae
907 2204 1021 2283 linguae
1035 2200 1229 2283 imperitum?
1251 2221 1303 2266 car
1317 2209 1415 2265 autem
1429 2210 1490 2264 tam
1504 2203 1558 2264 ab·

319 2371 321 2385 .
408 2337 412 2346 =
454 2305 550 2368 surdis
564 2311 683 2385 tamque
702 2306 874 2368 tabernariis
888 2305 1036 2369 blanditiis
1051 2305 1249 2384 subigitarem,
1271 2323 1359 2384 quem
1379 2303 1457 2365 idem
1468 2305 1559 2366 aiunt
1581 2317 1631 2370 tt,

352 2426 368 2464 r.
379 2426 439 2466 rara.
455 2408 590 2470 uersibus
613 2407 762 2469 amatoriis
782 2408 853 2470 satis
876 2409 947 2469 scite
966 2405 1121 2471 lasciuire?
1149 2407 1192 2469 sie
1211 2413 1256 2468 est
1275 2406 1417 2486 profecto,
1434 2403 1446 2489 ΙΙ
1465 2406 1559 2468 cuiuis

455 2511 550 2590 palam
565 2517 624 2570 eet:
646 2510 695 2571 bic
709 2509 759 2589 qui
774 2509 929 2588 epistulam
947 2509 1128 2570 Pudentillae
1148 2507 1361 2570 Graecatiorem
1382 2508 1475 2587 legere
1497 2525 1559 2570 non
1602 2527 1604 2531 ·

455 2618 599 2690 potuerat,
614 2611 690 2672 hanc
704 2619 737 2673 ut
751 2629 835 2672 suam
851 2611 963 2672 facilius
979 2611 1048 2691 legit
1061 2617 1090 2670 et
1105 2609 1200 2690 aptius
1214 2608 1442 2671 commendauit.

540 2715 599 2775 Sed
620 2714 678 2774 iam
697 2713 733 2774 de
753 2712 885 2793 epistulis
906 2713 977 2774 satis
997 2713 1108 2775 dictum
1125 2712 1249 2786 habebo,
1271 2712 1295 2772 si
1314 2712 1372 2772 hoc
1390 2728 1483 2772 uuum
1504 2711 1558 2771 ad·

455 2816 570 2878 didero:
593 2815 797 2888 Pudentillam,
818 2833 892 2895 quae
911 2815 1069 2896 scripserat
1089 2813 1334 2877 dissimulamenti
1354 2831 1441 2874 causa
1456 2819 1485 2873 et
1503 2813 1557 2873 de·
1578 2822 1613 2872 20

455 2918 585 2981 ridiculi:
599 2911 726 2979 clauo
747 2913 810 2993 νῦν,
833 2911 897 2990 ἕως
918 2907 970 2978 ἔτι
992 2913 1161 3001 σωφρονῶ,
1177 2923 1246 2995 post
1258 2916 1345 2977 hasce
1365 2914 1461 2976 literas
1483 2931 1557 2999 euo-

455 3038 536 3082 casse
550 3020 587 3081 ad
601 3038 633 3080 se
648 3018 723 3079 filios
739 3026 768 3079 et
781 3035 901 3092 nurum,
917 3036 986 3079 cum
1001 3017 1047 3079 his
1067 3018 1160 3079 ferme
1180 3017 1296 3078 duobus
1318 3015 1468 3077 mansibus
1483 3032 1558 3075 con-

454 3129 611 3184 uersatam.
637 3121 714 3182 dicat
727 3121 775 3181 bic
788 3120 854 3199 pius
865 3120 952 3194 lilius,
969 3121 1038 3201 quid
1053 3122 1084 3182 in
1094 3141 1129 3182 eo
1141 3127 1275 3199 tempore
1288 3118 1408 3198 sequius
1423 3123 1558 3196 agentem

523 3440 643 3492 lobliuio
657 3439 833 3492 casaubonum
846 3438 1001 3508 optutch,
1014 3441 1101 3493 obtuto
1114 3456 1142 3492 vr
1155 3446 1267 3491 actutum
1280 3437 1379 3491 Cdoiur
1405 3435 1411 3505 Ι
1438 3452 1556 3505 capesce-

457 3530 498 3575 ret
509 3522 559 3574 Pv:
578 3521 666 3573 obtuto
679 3523 739 3590 (pro
751 3521 848 3586 obtutu)
861 3519 1001 3572 lacesseret
1020 3521 1161 3586 Acidaliae,
1180 3520 1269 3572 obtutu
1287 3527 1388 3571 careret
1405 3519 1434 3573 V
1432 3519 1555 3580 uberius,

455 3605 544 3656 obtutu
556 3610 735 3668 capesseretur
747 3603 860 3654 Bosscbu
883 3600 888 3666 Ι
914 3600 1035 3666 intelligis
1049 3603 1111 3672 va
1141 3601 1145 3668 Ι
1175 3601 1310 3670 idcircorp
1342 3599 1353 3670 Ι
1386 3603 1401 3652 2
1424 3601 1555 3669 ᾳηοᾱῈφ,

431 3701 532 3752 ,ᾳυον
558 3682 563 3751 Ι
588 3683 737 3748 bominibus]
751 3684 890 3739 omnibusc
912 3681 927 3751 ΙΙ
955 3683 1110 3734 3litterisv
1141 3680 1146 3751 Ι
1172 3681 1222 3734 fuit
1230 3681 1261 3748 P,
1279 3683 1331 3733 suis
1343 3699 1375 3752 φ,
1394 3683 1444 3734 tuis
1460 3700 1477 3734 v
1500 3681 1511 3750 ΙΙ
1540 3684 1556 3732 4

454 3767 594 3832 uolpionem
607 3764 676 3835 rev
699 3764 710 3833 Ι
733 3767 748 3814 5
761 3773 888 3816 caeterum
900 3780 918 3814 v
940 3763 944 3831 Ι
966 3778 1047 3831 neque
1060 3764 1105 3834 up
1118 3763 1241 3832 (requitur
1252 3767 1278 3816 ab
1291 3763 1311 3814 P
1323 3766 1425 3830 rasura)
1450 3762 1460 3831 ΙΙ
1482 3763 1556 3814 olit-

454 3909 524 3952 teras
536 3917 553 3952 v
576 3900 587 3968 Ι
611 3901 762 3951 'loffnturas
774 3897 827 3965 PV,
840 3845 1015 3949 opfffism.)
1034 3917 1057 3969 φ
1079 3897 1092 3966 Ι
1115 3899 1251 3968 Sepistola
1264 3899 1326 3969 va
1349 3896 1359 3966 ΙΙ
1383 3895 1556 3948 Puerisimili-

454 3983 568 4050 terpin
581 3995 677 4033 rasura
707 3980 718 4048 ΙΙ
754 3980 888 4044 10ergov
922 3979 926 4046 Ι
961 3979 1100 4031 blandinam
1112 3979 1165 4048 Pup,
1185 3978 1343 4030 blandirerv
1370 3977 1374 4042 Ι
1409 3977 1556 4046 masinile),

455 4061 563 4125 magiev
586 4057 596 4128 ΙΙ
621 4061 650 4111 11
664 4063 697 4117 ad
708 4062 773 4114 istos
785 4060 882 4114 recludi
893 4061 948 4114 uult
958 4061 1081 4115 Pricaeus
1103 4061 1113 4127 Ι
1139 4060 1321 4130 epistolal'pv
1353 4057 1364 4127 ΙΙ
1397 4059 1428 4109 12
1440 4058 1556 4109 accurari

455 4141 792 4214 Hildebrcadsiutaccosari
805 4140 1016 4210 Ppuactitaris
1046 4141 1058 4210 ΙΙ
1092 4143 1122 4193 13
1140 4140 1352 4198 conscribemus
1385 4140 1390 4207 Ι
1425 4139 1490 4189 idem
1502 4138 1556 4215 Pp,
1630 4173 1631 4176 κ

455 4225 527 4275 iidem
540 4240 557 4275 v
580 4220 590 4291 Ι
615 4223 778 4290 lbtanquev
805 4222 809 4291 Ι
835 4223 996 4275 blandiciisv
1023 4222 1027 4290 Ι
1053 4223 1118 4275 idem
1131 4221 1184 4288 PV,
1197 4222 1306 4289 iidemu>
1334 4217 1345 4288 Ι
1373 4220 1403 4270 li
1421 4220 1554 4286 epistolam

455 4306 517 4375 va
551 4302 556 4372 Ι
590 4303 779 4369 graemniorem
795 4303 919 4357 drantius
950 4302 961 4371 Ι
995 4303 1026 4354 18
1047 4310 1177 4370 poteratv
1211 4301 1216 4370 Ι
1251 4301 1363 4370 apertius
1379 4301 1557 4361 commentarit

454 4386 557 4455 [ἐρείπια
580 4384 591 4455 Ι
615 4380 849 4452 19epiatolistv
880 4381 891 4451 Ι
924 4385 956 4436 20
969 4385 1140 4451 scribseratll
1172 4383 1183 4454 Ι
1210 4385 1240 4436 21
1256 4381 1529 4437 transeasauoenus
1552 4378 1558 4448 Ι

373 4501 375 4506 ·
453 4471 513 4534 poet
524 4467 575 4520 νῦν
586 4466 744 4518 intercidisse
755 4465 873 4518 ridentur
884 4469 962 4519 uerba
974 4454 1116 4538 πρὸςέμέε
1129 4468 1165 4534 qs.
1177 4482 1238 4535 pag.
1252 4467 1292 4530 91,
1305 4465 1322 4514 9
1334 4468 1360 4514 el
1371 4464 1411 4527 92,
1427 4463 1457 4512 12
1477 4460 1483 4528 Ι
1506 4458 1558 4518 ἕως

455 4549 539 4599 ormP
563 4547 568 4614 Ι
594 4549 724 4599 litterasv
748 4546 758 4615 Ι
782 4548 814 4598 23
826 4548 898 4612 sequa
913 4547 942 4610 P,
961 4547 1058 4614 sequius
1070 4564 1102 4617 φ,
1115 4563 1188 4598 secus
1201 4564 1217 4597 v
1240 4545 1252 4614 Ι
1450 4569 1462 4576 a
