3867 5559
475 725 495 788 q
819 719 848 772 u.
865 718 988 772 nevum
1006 718 1242 772 unnlvnunsrs

334 808 351 850 l.
362 807 422 850 1051.
434 808 495 851 tlh.
1490 805 1533 846 nd.
1548 804 1654 849 ostend.

472 876 624 939 iutierrmt.
655 893 729 955 quae
748 875 803 936 etsi
822 880 948 954 possunt
961 874 997 935 ab
1012 874 1058 936 his
1071 873 1196 954 futiliter
1209 874 1348 936 blaterata
1363 873 1400 935 ob
1415 873 1653 950 mercedemque)

473 986 502 1041 et
516 984 736 1041 auctoramento
752 976 937 1058 inpudentiae
953 977 1077 1056 depensa
1090 975 1207 1050 haberi,
1222 975 1281 1037 iam
1295 993 1436 1037 concesso
1453 975 1582 1054 quodam

474 1100 558 1143 more
572 1079 684 1141 rabulis
698 1080 728 1141 id
742 1097 848 1159 genus,
870 1098 928 1158 quc
943 1078 1053 1140 ferinae
1068 1078 1164 1140 solent
1178 1077 1292 1158 linguae
1306 1095 1376 1140 suae
1390 1076 1472 1139 uirus
1487 1077 1582 1139 alieno
1689 1070 1693 1077 ’

475 1182 570 1244 dolori
584 1183 690 1255 locare,
704 1189 804 1243 tamen
818 1182 866 1243 uel
879 1199 945 1241 mea
959 1199 1047 1242 causa
1061 1179 1161 1260 paucis
1176 1179 1332 1240 refellenda
1347 1187 1426 1253 sunt,
1440 1197 1478 1241 ne
1491 1170 1583 1258 isqui
1595 1204 1654 1260 (ess)

475 1284 576 1346 sedulo
592 1285 703 1357 laboro,
719 1290 804 1345 utne
820 1282 889 1362 quid
904 1284 1035 1344 maculae
1050 1288 1100 1344 aut
1114 1281 1361 1344 inhonestamenti
1375 1281 1406 1342 in
1416 1300 1464 1343 me
1475 1273 1583 1343 admit&
1604 1296 1621 1346 5

473 1394 549 1460 tam,
571 1386 672 1449 uidear
693 1385 836 1465 cuipiam,
857 1384 881 1446 si
903 1385 972 1464 quid
994 1404 1029 1446 ex
1043 1383 1157 1446 uinclis
1171 1383 1363 1462 praeteriero,
1383 1383 1413 1444 id
1426 1383 1583 1463 agnouisse

474 1487 573 1568 potius
597 1505 685 1567 quam
709 1486 933 1577 contempsisse.
963 1492 1009 1548 est
1023 1486 1101 1546 enirn
1116 1485 1254 1566 pudentis
1268 1485 1357 1547 animi
1371 1492 1401 1548 et
1414 1484 1582 1567 uerecundi,

372 1598 375 1604 ’
474 1595 508 1651 ut
528 1607 593 1650 mea
612 1588 712 1668 opinio
731 1587 802 1661 fert,
822 1587 870 1647 uel
888 1586 960 1647 falsa
975 1587 1189 1668 uituperatione
1207 1587 1335 1666 grauari,
1355 1606 1424 1648 curn
1446 1586 1533 1647 etiam
1552 1586 1585 1651 hi

400 2820 442 2873 llll

476 1690 526 1770 qui
545 1690 601 1752 sibi
615 1689 712 1751 delicti
726 1688 847 1751 alicuius
863 1688 973 1750 conscii
988 1697 1070 1764 sunt,
1091 1696 1273 1752 tamencum
1287 1689 1363 1751 male
1377 1687 1510 1761 audiunt,
1525 1687 1583 1760 im-

475 1790 582 1872 pendio
598 1796 843 1851 commoueantur
857 1795 886 1849 et
901 1789 1117 1865 obirascantur,
1138 1809 1319 1871 quanquam,
1338 1790 1442 1853 exinde
1461 1797 1494 1853 ut
1507 1790 1585 1853 male
1607 1803 1639 1853 10

474 1893 569 1954 lacere
588 1888 593 1975 Ι
612 1898 782 1972 coeperunt,
794 1891 1201 1955 consueuerintmaleaudire.
1225 1893 1303 1972 quod
1316 1892 1482 1955 siaceteris
1494 1891 1584 1953 silen-

475 1995 550 2057 tium
569 2000 629 2068 est,
649 2000 749 2055 tamen
768 1993 826 2073 ipsi
845 1993 963 2054 sibimet
982 1995 1091 2056 conscii
1111 2002 1197 2069 sunt,
1218 2013 1306 2074 posse
1321 2013 1353 2056 se
1367 1992 1473 2055 merito
1488 1993 1584 2054 incre-

475 2097 547 2177 pari.
577 2095 728 2157 enimuero
748 2094 845 2156 bonus
865 2101 894 2155 et
912 2095 1049 2158 innoxius
1065 2097 1188 2177 quisque
1202 2096 1284 2160 rudis
1299 2103 1328 2157 et
1341 2095 1491 2177 imperitas
1506 2094 1585 2157 auris

475 2198 511 2259 ad
531 2197 606 2258 male
623 2195 801 2258 audiendum
815 2195 927 2258 habens
942 2205 972 2258 et
985 2197 1078 2259 laudis
1093 2198 1280 2260 assuetudine
1294 2197 1487 2259 contumeliae
1501 2197 1585 2259 inso-

476 2300 538 2361 lens
562 2299 655 2360 multo
671 2303 753 2359 tanto
769 2316 804 2358 ex
819 2297 918 2359 animo
933 2298 1059 2374 laborat,
1079 2318 1113 2361 ea
1128 2299 1183 2361 sibi
1198 2299 1346 2361 immerito
1362 2298 1419 2360 dici
1433 2317 1507 2377 quae
1520 2299 1585 2380 ipse
1598 2281 1656 2388 (ΙΙΙ)

476 2399 570 2480 possit
591 2399 653 2461 aliis
675 2418 744 2461 uere
764 2398 918 2461 obiectare.
949 2399 1071 2478 quodsi
1089 2402 1167 2463 forte
1181 2403 1279 2483 inepta
1293 2401 1417 2464 uidebor
1431 2407 1460 2463 et
1475 2402 1585 2483 oppido

474 2501 581 2564 friuola
598 2501 674 2563 uelle
692 2500 861 2574 defendere,
881 2501 937 2561 illis
959 2500 1046 2562 dehet
1064 2520 1097 2563 ea
1114 2521 1162 2564 res
1181 2503 1253 2566 uitio
1268 2504 1357 2578 uerti,
1379 2502 1484 2583 quibus
1498 2510 1586 2584 turpe

476 2611 522 2666 est
538 2603 625 2664 etiam
638 2603 711 2664 haec
726 2602 899 2676 obiectasse,
919 2619 981 2664 non
995 2603 1069 2666 mihi
1082 2605 1184 2685 culpae
1199 2606 1275 2680 dari,
1295 2606 1342 2669 cui
1356 2607 1517 2671 honestum
1531 2607 1589 2675 uit

477 2707 564 2769 etiam
578 2707 650 2767 haec
664 2703 792 2766 diluisse.

560 2808 675 2870 Audisti
700 2827 769 2887 ergo
796 2808 883 2889 paulo
909 2808 991 2888 prins
1017 2809 1049 2871 in
1074 2808 1217 2891 principio
1243 2811 1436 2873 accusationis
1454 2811 1495 2873 ita
1514 2810 1584 2874 dici:
1606 2823 1642 2877 to

477 2917 663 2972 ‘accusamus
682 2910 760 2989 apud
782 2916 812 2970 te
830 2909 1042 2990 philosophum
1060 2912 1227 2974 formosum
1247 2919 1355 2974 ettam
1375 2932 1476 2993 graece
1496 2932 1585 2992 quam

476 3012 576 3075 latine’
600 3047 645 3055 —
668 3029 723 3091 pro
749 3010 833 3072 nelas
854 3046 895 3056 -
915 3012 1180 3075 ‘disertissimum
1209 3013 1267 3075 nisi
1291 3014 1376 3077 fallor
1390 3011 1403 3098 Ι
1418 3015 1512 3089 enim,
1538 3016 1585 3078 his

476 3115 547 3196 ipsis
574 3113 672 3176 uerbis
702 3112 917 3174 accusationem
943 3115 1003 3176 mei
1027 3114 1178 3195 ingressus
1200 3123 1246 3176 est
1270 3116 1442 3178 Tannonius
1455 3100 1585 3192 iudeus,
1666 3148 1675 3163 ·

476 3219 568 3280 homo
582 3235 652 3278 uere
666 3215 714 3276 ille
731 3214 849 3294 quidem
864 3232 926 3276 non
941 3215 1161 3280 disertissimus.
1194 3218 1273 3298 quod
1285 3218 1397 3280 utinam
1411 3225 1472 3280 tam
1486 3219 1586 3298 grauia

476 3320 590 3382 formae
601 3327 630 3379 et
640 3316 793 3379 lacundiae
807 3316 929 3378 crimina
943 3336 1013 3379 uere
1027 3319 1100 3381 mihi
1115 3321 1336 3400 opprobrasset:
1351 3338 1413 3382 non
1428 3321 1544 3383 difficile
1558 3321 1586 3382 ei
1604 3337 1638 3388 25

476 3419 706 3503 respondissem,
722 3418 803 3498 quod
817 3418 992 3484 Homericus
1007 3405 1169 3484 Alexander
1182 3421 1315 3485 Hectori:

544 3641 683 3708 lpossisv
713 3641 718 3710 Ι
748 3639 859 3691 futiliter
873 3639 984 3692 doletur:
1004 3641 1103 3694 utiliter
1116 3642 1178 3713 Fcpv
1209 3643 1213 3712 Ι
1245 3646 1415 3720 blatteratav
1441 3643 1453 3715 Ι
1481 3647 1584 3700 tauto-

476 3730 590 3774 ramcnto
607 3722 773 3789 impudentiae
790 3737 818 3772 v:
837 3729 1027 3774 auctoramenta
1046 3723 1210 3779 Carantonus
1242 3726 1246 3796 Ι
1277 3728 1387 3793 depensa
1404 3725 1584 3781 casaubonum

477 3807 600 3872 deprensa
612 3805 675 3873 Fcpv
708 3802 719 3872 Ι
752 3803 881 3854 drabulis
899 3804 1012 3856 Colotes:
1034 3802 1126 3856 fabulis
1144 3806 1206 3877 upv
1245 3805 1249 3874 Ι
1287 3808 1366 3860 ferme
1380 3825 1420 3878 pv
1453 3805 1513 3889 ld
1525 3813 1586 3879 post

477 3941 678 3993 isiullrasuru
700 3936 711 4007 Ι
735 3896 894 3990 diriflolisl⁴¹
926 3938 930 4007 Ι
961 3939 1117 4003 ignouissev
1145 3939 1156 4010 Ι
1184 3901 1397 3996 adtuifrutiouo
1410 3901 1584 4008 nuituif’ra-
1682 3953 1684 3957 ’

476 4075 593 4142 tioncsrp
617 4071 627 4141 Ι
657 4074 688 4123 10
701 4021 902 4143 obirascanturcp
928 4072 932 4139 Ι
963 4090 1109 4141 quamquam
1121 4093 1161 4145 φν
1189 4075 1193 4144 Ι
1224 4077 1397 4129 exindcnbir
1424 4074 1435 4144 Ι
1470 4077 1503 4128 13
1516 4033 1585 4129 auris

476 4172 499 4224 φ
519 4152 530 4222 Ι
552 4155 688 4220 liquente
701 4155 867 4206 contumeliae
878 4171 891 4212 ς
910 4151 921 4222 ΙΙ
943 4156 975 4206 15
987 4163 1057 4206 tauta
1067 4156 1097 4220 F,
1109 4165 1180 4209 tanta
1193 4157 1249 4228 pv,
1262 4165 1357 4216 tantos
1376 4155 1388 4226 ΙΙ
1410 4159 1442 4210 16
1454 4158 1584 4210 oblectare

476 4305 499 4357 φ
525 4284 529 4353 Ι
553 4287 935 4356 postobiectareinFrasura
961 4288 972 4358 Ι
997 4290 1027 4340 17
1040 4291 1144 4360 uortirp
1172 4287 1183 4358 Ι
1212 4238 1435 4361 issohlectussetp
1458 4284 1471 4360 Ι
1492 4292 1583 4344 20au-

476 4368 535 4418 disti
547 4369 657 4439 igiturcp
680 4367 691 4438 Ι
715 4370 747 4420 22
760 4384 775 4434 p
789 4368 858 4421 ucles
871 4372 924 4441 up,
937 4373 1000 4438 prol
1012 4388 1029 4423 v
1057 4373 1063 4440 Ι
1090 4371 1331 4424 di.sertissimumF
1355 4371 1359 4440 Ι
1382 4371 1430 4438 liis
1443 4372 1464 4424 F
1477 4370 1496 4440 Ἰ
1516 4373 1549 4423 23
1562 4372 1582 4425 F

475 4452 502 4500 tu
513 4452 637 4514 margero:
651 4451 778 4502 accusatio
788 4458 893 4519 propter
901 4452 1085 4504 formositatem
1094 4460 1121 4502 et
1129 4452 1161 4502 nd
1170 4467 1225 4503 eam
1234 4454 1411 4520 responsiones
1433 4451 1443 4523 ΙΙ
1465 4453 1497 4504 25
1509 4454 1582 4505 michi

476 4531 497 4585 F
521 4528 532 4599 Ι
555 4531 589 4580 26
601 4531 700 4599 quadiu
712 4532 733 4584 F
745 4549 761 4584 a
772 4549 851 4584 mano
861 4548 912 4587 rec.
924 4549 975 4585 scr.
1003 4533 1007 4602 Ι
1034 4531 1164 4584 Omericus
1177 4533 1222 4604 llp
1246 4532 1257 4606 Ι
