3867 5559
820 744 1008 798 staurano
1440 765 1469 806 n

368 901 511 966 offendat
532 898 658 964 Victori
687 897 846 988 silentium
876 896 917 962 de
946 896 1062 961 lacuna
1069 945 1078 978 ,
1109 918 1206 982 quam
1236 898 1270 961 in
1299 905 1468 961 metamor-

369 1006 512 1092 phoseon
533 1004 616 1069 libro
640 1011 755 1068 octavo
779 1001 911 1067 exhibet
933 999 1036 1065 codex
1059 999 1296 1071 Laurentianus
1319 999 1469 1067 LXVIII

368 1115 403 1176 2:
426 1120 544 1190 tamen,
568 1108 738 1195 quominus
754 1107 939 1194 adstipuler,
962 1107 1087 1172 Victori
1102 1107 1182 1172 fides
1197 1107 1293 1174 etiam
1310 1106 1470 1193 subscrip-

369 1215 455 1280 tione
478 1214 533 1279 illa
557 1214 764 1299 comprobata
787 1234 838 1276 me
865 1211 1023 1298 prohibet.

455 1319 550 1385 Haec
577 1328 686 1383 autem
712 1322 784 1382 utut
813 1324 902 1394 sunt,
935 1315 976 1379 ad
1003 1314 1123 1403 Apulei
1149 1318 1248 1382 verba
1272 1316 1471 1383 emendanda

369 1424 453 1489 haud
476 1423 556 1488 levis
584 1421 737 1487 momenti
766 1430 816 1485 est
845 1419 971 1485 collatio
999 1420 1055 1485 illa
1077 1421 1291 1486 Monacensis.
1332 1444 1471 1508 namque

371 1553 467 1616 quam
501 1538 570 1594 arto
599 1525 763 1593 affinitatis
790 1525 919 1590 vinculo
950 1526 1054 1590 codex
1082 1527 1288 1592 Victorianus
1318 1550 1390 1591 cum
1419 1547 1470 1591 ce-

370 1634 446 1698 teris
468 1633 588 1720 Apulei
616 1631 705 1696 libris
734 1629 959 1716 manuscriptis
983 1630 1178 1696 Florentinis
1204 1632 1389 1714 cohaereat,
1417 1632 1470 1697 de-

371 1748 547 1805 monstrare
575 1738 655 1803 libet
685 1734 776 1802 brevi
798 1735 913 1801 horum
934 1735 1166 1822 descriptione,
1197 1761 1293 1824 quam
1317 1738 1471 1802 subnecto

372 1842 588 1926 Bandinio,
611 1840 766 1923 Keilio,
790 1839 1007 1924 Muellero,
1031 1841 1207 1907 Nisseno
1231 1843 1430 1908 auctoribus:

458 2162 486 2227 I.
510 2161 614 2226 codex
628 2158 864 2225 Laurentianus
879 2158 1029 2228 LXVIII
1047 2162 1067 2225 2
1091 2164 1353 2228 membranaceus
1369 2162 1473 2227 forma

372 2267 513 2332 maxima
540 2267 668 2354 paginis
695 2265 843 2331 bifariam
873 2265 984 2329 divisis
1015 2288 1034 2330 a
1062 2267 1228 2332 monachis
1258 2267 1471 2349 Casinatibus,

372 2382 407 2436 ut
435 2372 562 2438 videtur
591 2371 645 2458 (cf.
668 2373 746 2435 Keil.
775 2391 849 2433 mas.
872 2371 967 2434 Rhea.
995 2392 1022 2435 a.
1046 2375 1137 2437 1848.
1166 2375 1211 2437 VI
1226 2396 1257 2455 p.
1282 2371 1376 2458 145),
1405 2362 1471 2437 sae-

373 2479 444 2543 culo
466 2477 635 2542 undecimo
658 2476 758 2542 literis
780 2473 1035 2560 Langobardicis
1060 2477 1206 2564 scriptus,
1232 2478 1322 2543 cuius
1338 2477 1371 2542 in
1386 2477 1472 2564 prin-

372 2584 455 2671 cipio
485 2585 566 2648 haec
596 2583 714 2669 legitur
736 2582 861 2647 notula:
890 2585 955 2644 tDe
979 2585 1085 2647 XXII.
1109 2586 1202 2648 duaco
1224 2606 1264 2648 ea
1283 2591 1372 2668 parte
1394 2588 1472 2648 occi-

372 2693 484 2772 dentis,
516 2692 673 2754 Corneliae
697 2690 820 2752 Tacitae
846 2695 875 2751 et
898 2690 1002 2769 Opera
1024 2690 1145 2770 Apuleia‘
1174 2696 1226 2754 cet.
1253 2690 1416 2753 Conventus
1437 2690 1472 2752 S.

373 2798 479 2861 Marci
506 2797 542 2859 dc
563 2796 718 2858 Florentio
741 2795 871 2857 Ordinis
891 2794 1140 2857 Praedicatoram
1168 2797 1204 2857 de
1230 2797 1393 2859 berediiote
1414 2797 1472 2859 Ni·

372 2905 450 2966 eolai
471 2903 573 2966 Ntcoli
595 2901 763 2964 Florentini
790 2901 852 2962 viri
882 2899 1072 2962 actaeae.
1119 2907 1245 2964 constat
1265 2899 1350 2964 foliis
1374 2899 1472 2986 scrip-

371 3006 412 3071 tis
437 3007 511 3070 191.
533 3005 658 3070 insunt:

484 3110 517 3196 1)
541 3111 564 3176 f.
580 3113 647 3174 1-
659 3109 765 3174 103b:
784 3105 925 3173 Cornelii
937 3107 1043 3173 Taciti
1055 3110 1096 3173 ab
1108 3129 1244 3175 excessu
1255 3110 1322 3175 divi
1333 3110 1480 3198 Augusti

371 3216 445 3282 libri
468 3216 520 3282 XI
542 3215 663 3302 (annal.
686 3214 708 3278 l.
731 3211 925 3278 XI-XVI
946 3222 980 3276 et
1001 3212 1111 3279 histor.
1133 3214 1154 3278 l.
1176 3215 1307 3302 I-V).

395 3404 397 3406 Ι
482 3320 518 3408 2)
541 3323 564 3386 f.
590 3319 845 3385 reeb—lneb:
868 3317 988 3404 Apulei
1011 3317 1051 3382 de
1074 3318 1182 3406 magia
1204 3319 1296 3386 liber.

482 3426 519 3513 3)
541 3427 563 3493 f.
588 3425 789 3491 lae—183:
812 3422 932 3510 Apulei
954 3424 1256 3510 metamorphoseon
1277 3427 1351 3493 libri
1374 3427 1436 3493 XI.

482 3530 518 3617 4)
542 3532 564 3596 f.
590 3531 791 3596 184—191:
814 3528 933 3615 Apulei
956 3528 1142 3594 floridorum
1169 3531 1242 3597 libri
1264 3533 1345 3600 IIII.

460 3637 606 3723 Experta
629 3645 678 3700 est
692 3633 812 3722 Apulei
835 3633 985 3720 apologia
1008 3634 1042 3698 in
1064 3634 1125 3698 hoc
1144 3635 1255 3700 codice
1272 3637 1379 3703 multis
1395 3639 1474 3704 locis

373 3741 508 3807 evanido
538 3752 603 3807 tres
631 3764 745 3805 manus
774 3739 1023 3822 emendatrices,
1056 3762 1138 3826 quae
1167 3740 1227 3805 etsi
1255 3765 1321 3808 non
1338 3765 1476 3830 semper

374 3846 512 3912 discerni
534 3857 678 3934 possunt,
702 3846 747 3910 ita
769 3853 877 3909 tamen
900 3843 984 3907 inter
1007 3865 1041 3907 se
1064 3843 1192 3909 differre
1216 3845 1329 3926 solent,
1353 3856 1389 3911 ut
1408 3870 1474 3912 ma-

373 3975 432 4016 nus
461 3952 565 4038 prima
593 3960 626 4016 et
655 3949 795 4016 secunda
824 3948 967 4034 singulas
995 3971 1094 4013 voces
1114 3948 1265 4014 literesve
1287 3952 1404 4016 notulis
1428 3952 1475 4017 in-

372 4064 422 4121 ter
443 4056 544 4122 lineas
565 4057 618 4121 vel
638 4057 672 4121 in
693 4054 838 4142 margine
855 4053 1025 4141 adscriptis
1042 4055 1216 4140 corrigant,
1240 4081 1352 4123 manus
1369 4069 1476 4124 autem

372 4161 466 4226 tertia
496 4160 563 4228 sive
591 4160 813 4228 recentissima
841 4159 976 4242 saeculi,
1005 4169 1042 4225 ut
1063 4159 1206 4246 videtur,
1235 4162 1337 4250 quinti
1361 4162 1476 4228 decimi

372 4268 473 4333 verba
499 4267 585 4333 lectu
616 4266 807 4332 difficillima
835 4286 931 4350 supra
960 4264 1129 4330 scribendo
1152 4267 1359 4353 redintegret.
1406 4290 1475 4333 cor·

371 4373 556 4459 ruptissima
584 4382 659 4438 sunt
685 4373 785 4438 verba
814 4368 958 4451 Graeca,
994 4391 1076 4456 quae
1110 4394 1151 4436 ne
1181 4370 1316 4437 Graecis
1346 4371 1476 4459 quidem
1539 4431 1545 4447 ,

373 4477 609 4546 characteribus
644 4479 762 4565 ubique
797 4499 950 4564 expressa
986 4475 1151 4542 librarium
1179 4476 1318 4561 produnt
1345 4477 1476 4564 linguae
