3867 5559
675 745 781 797 lSAACl
794 744 979 797 casavssoru
994 743 1180 795 PRAEFATIO
1352 818 1367 830 ·
1410 767 1479 811 ιιιιιιι

377 898 458 965 ullas
481 899 653 965 verborum
677 897 801 963 sordes:
826 919 908 984 quae
931 895 1073 962 maxima
1096 894 1251 979 orationis¹
1271 897 1350 963 vitia
1368 897 1478 984 pleris-

377 1026 439 1093 que
464 1003 611 1070 omnibus
636 1002 703 1069 eius
728 1003 847 1070 saeculi
870 1002 1066 1085 auctoribus,
1092 1010 1123 1066 et
1147 1002 1201 1088 qui
1225 1001 1376 1089 deinceps
1396 1003 1478 1070 inse·

377 1110 458 1193 euti,
488 1111 554 1175 fato
586 1108 725 1196 quodam
753 1107 967 1195 Eloquentiae
998 1117 1030 1173 et
1057 1106 1189 1194 Imperii
1218 1107 1358 1172 Romani
1385 1108 1479 1175 simul

377 1215 547 1298 ruentium,
571 1214 753 1280 adhaesere.
792 1213 839 1278 At
862 1221 956 1278 erunt
977 1212 1114 1280 fortasse
1136 1213 1192 1300 qui
1214 1237 1279 1279 non
1297 1215 1479 1299 verborum,

377 1320 433 1386 sed
456 1342 563 1385 rerum
587 1318 721 1384 crimina
737 1318 912 1385 obiectent:
936 1318 1056 1406 quippo
1071 1316 1266 1406 Apologiam
1282 1319 1375 1402 hanc,
1399 1344 1419 1385 a
1434 1321 1479 1386 fa-

377 1448 466 1492 moso
490 1425 567 1490 olim
587 1447 684 1511 mago
707 1447 766 1512 pro
790 1423 976 1490 defensione
992 1422 1121 1512 Magiae
1137 1425 1298 1512 scriptam,
1323 1425 1363 1490 ab
1381 1425 1480 1492 oculis

378 1541 615 1620 conspectuque
638 1538 747 1594 nostro
769 1552 839 1595 esse
854 1530 1077 1596 reiiciendam:
1100 1552 1190 1596 more
1205 1530 1377 1596 multorum
1392 1530 1479 1596 vide·

377 1638 453 1703 licet
474 1637 604 1719 facient,
629 1645 664 1702 ut
687 1657 726 1700 ea
748 1635 901 1702 damnent
923 1657 1006 1723 quae
1029 1658 1194 1723 nunquam
1211 1635 1358 1721 legerint,
1384 1636 1410 1701 si
1426 1637 1480 1725 qui

377 1744 422 1810 ita
446 1743 506 1810 sibi
529 1742 778 1831 persuadebunt.
823 1743 893 1809 Nos
917 1751 1044 1822 contra,
1068 1764 1134 1806 non
1157 1740 1376 1807 defensionem
1396 1743 1481 1810 hane

378 1871 448 1914 esse
464 1847 605 1935 Magiae,
624 1840 682 1913 sed
697 1849 922 1934 gravissimam
938 1847 1081 1914 eiusdem
1097 1847 1345 1931 accusationem,
1363 1848 1480 1915 auden-

340 1966 343 1971 '
377 1964 428 2020 ter
450 1954 654 2020 affirmamus.
695 1953 781 2033 Quid
805 1955 889 2020 enim
908 1953 994 2020 aliud
1010 1953 1085 2018 hinc
1101 1952 1246 2039 colligas,
1271 1975 1367 2039 quam
1383 1953 1481 2020 fuisse

378 2060 526 2125 omnibus
555 2082 682 2146 semper
711 2061 781 2126 sani
810 2060 920 2126 iudicii
942 2058 1126 2125 hominibus
1151 2059 1292 2124 curiosas
1315 2068 1400 2125 artes
1423 2060 1480 2124 im-

378 2166 545 2254 probatas,
573 2174 605 2230 et
627 2166 753 2253 legibus
776 2166 915 2233 vetitas?
940 2165 976 2231 ni
999 2165 1043 2230 ita
1065 2163 1115 2247 sit,
1139 2187 1303 2252 nunquam
1325 2166 1481 2252 profecto,

379 2280 415 2337 ut
436 2271 530 2336 docte
554 2271 772 2338 sanctissimus
788 2272 839 2338 vir
853 2271 1055 2359 Augustinus
1072 2269 1223 2357 disputat,
1246 2279 1336 2336 tanta
1352 2280 1481 2336 conten·
1567 2347 1572 2358 ,

379 2377 481 2459 tione,
509 2386 662 2464 tantoque
685 2399 782 2463 opere
805 2377 837 2442 id
860 2377 992 2460 crimen,
1017 2398 1076 2441 ceu
1099 2375 1240 2440 omnium
1263 2375 1440 2441 maximum
1463 2400 1482 2442 a

379 2504 414 2548 se
437 2492 549 2548 auctor
566 2482 792 2548 disertissimus
808 2484 974 2550 amolitum
988 2483 1074 2549 isset.
1115 2479 1333 2560 Quamobrem
1350 2482 1481 2566 dabunt,

380 2611 488 2676 spero,
518 2587 611 2655 nobis
640 2588 752 2676 optimi
780 2599 813 2654 et
841 2589 1024 2678 gravissimi
1047 2589 1108 2654 viri
1129 2587 1197 2652 voti
1219 2587 1321 2653 nostri
1342 2587 1480 2672 veniam,

379 2692 467 2781 quod
489 2702 555 2760 tam
578 2694 737 2760 eruditum
760 2695 958 2782 antiquitatis
981 2702 1222 2762 monumentum
1244 2716 1310 2759 non
1333 2694 1377 2759 ita
1397 2695 1481 2759 lace-

379 2823 450 2864 rum
468 2799 675 2883 circumferri,
699 2823 805 2888 neque
822 2801 867 2865 ita
883 2795 989 2866 ἄεικέσι
1014 2805 1135 2886 πληγαῖς
1151 2799 1332 2884 deformari,
1357 2821 1482 2886 semper

379 2905 605 2993 optaverimus.
651 2905 855 2994 Quamquam
883 2917 995 2972 votum
1023 2908 1084 2973 hoe
1112 2913 1258 2971 nostrum
1287 2904 1366 2970 nihil
1395 2904 1482 2971 aliud

378 3010 440 3076 nisi
468 3020 579 3076 votum
608 3011 721 3096 fuisse,
750 3036 873 3101 nosque
902 3013 942 3079 de
970 3015 1030 3080 hac
1059 3012 1198 3078 editione
1221 3034 1385 3098 nunquam
1408 3018 1481 3076 ante

378 3118 439 3183 hoc
461 3126 598 3204 tempus,
624 3119 795 3206 quicquam
818 3120 988 3207 cogitasse,
1012 3128 1044 3184 et
1065 3117 1186 3204 liquido
1209 3116 1314 3182 iurare
1331 3116 1393 3203 ipsi
1407 3139 1479 3204 pos-

378 3245 503 3289 sumus:
532 3231 565 3288 et
586 3231 705 3288 noramt
727 3223 774 3288 illi
796 3225 925 3311 optime,
949 3246 1086 3312 quorum
1108 3221 1210 3310 petitu
1233 3230 1381 3309 suscepta
1403 3221 1481 3286 mihi

379 3338 411 3392 et
432 3338 508 3394 nata
531 3328 611 3393 haec
634 3328 764 3416 scriptio
787 3337 845 3395 est.
882 3330 997 3417 Nuper
1012 3329 1092 3395 adeo
1116 3351 1189 3393 cum
1206 3327 1290 3415 apud
1306 3349 1358 3392 me
1374 3334 1481 3391 essent

378 3433 473 3499 amici
503 3432 634 3522 quidam
663 3443 696 3499 et
723 3433 896 3501 familiares
923 3435 1004 3520 mei,
1041 3434 1260 3500 adolescentes
1288 3434 1346 3498 has
1372 3432 1481 3498 literas

377 3538 523 3625 apprime
550 3538 653 3625 docti,
683 3548 716 3604 et
738 3563 834 3627 super
856 3563 1000 3607 mensam
1024 3550 1104 3618 orto·
1119 3539 1157 3605 de
1180 3539 1274 3605 huius
1296 3538 1371 3605 libri
1393 3560 1480 3603 men-

378 3644 426 3710 dis
450 3667 612 3730 sermone,
642 3646 851 3712 ostendissem
877 3646 916 3711 iis
940 3669 1023 3735 quae
1045 3645 1169 3734 pridem
1192 3645 1275 3711 inter
1297 3643 1480 3733 legendum,

377 3758 414 3814 ut
435 3749 487 3834 fit,
511 3749 552 3817 ad
576 3775 665 3818 oram
688 3751 752 3816 mei
775 3751 896 3817 codicis
919 3752 1162 3818 adnotaveram:
1188 3759 1363 3839 coeperunt
1383 3750 1479 3815 vehe-

378 3865 503 3922 menter
529 3879 550 3920 a
579 3879 631 3947 me
661 3856 870 3940 contendere,
900 3859 1017 3923 vellem
1045 3856 1101 3923 illa
1130 3856 1200 3944 ipsa
1228 3879 1301 3929 cum
1330 3853 1480 3924 studiosis

378 3962 624 4028 communicare.
663 3962 749 4042 Quid
771 3964 894 4029 multa?
917 3986 983 4029 non
1005 3973 1079 4028 ante
1101 3962 1198 4029 finem
1222 3962 1333 4029 orandi
1356 3962 1420 4027 mei
1434 3962 1479 4027 fe-

377 4075 499 4148 cerunt,
524 4090 620 4155 quam
643 4078 827 4136 exorarunt.
873 4071 966 4142 Haec
989 4069 1034 4136 ita
1057 4066 1222 4151 accidisse,
1246 4091 1362 4156 meque
1377 4090 1480 4155 paene

377 4170 523 4254 invitum,
549 4183 636 4239 certe
659 4169 757 4240 ἑκόντα
781 4169 890 4241 ἀέκοντι
912 4174 1001 4261 θυμῷ
1023 4176 1153 4240 horsum
1176 4173 1274 4240 fuisse
1297 4173 1479 4259 impulsum,

277 4331 279 4336 ,
376 4275 423 4340 illi
446 4276 508 4364 ipsi
531 4278 627 4344 amici
648 4281 723 4362 mei,
748 4281 834 4369 quod
856 4281 991 4369 gaudeo,
1016 4279 1233 4346 testimonium
1254 4277 1332 4343 mihi
1347 4276 1432 4365 apud
1447 4286 1480 4342 te

376 4381 600 4468 perhibebunt.
648 4384 859 4453 Commodum
883 4387 985 4471 enim,
1013 4395 1049 4453 ut
1071 4408 1165 4474 spero
1189 4393 1222 4450 et
1236 4382 1337 4470 opto,
1367 4382 1480 4449 eodem

376 4494 521 4574 tempore
544 4499 578 4555 et
599 4489 646 4556 illi
669 4491 773 4557 isthuc
796 4493 969 4580 appellent,
993 4501 1026 4558 et
1047 4493 1127 4558 haec
1150 4498 1260 4556 nostra
1277 4489 1311 4556 in
1326 4499 1398 4556 tuas
1413 4510 1478 4554 ma-
