3867 5559
826 731 996 786 mancum
1405 736 1463 796 111

277 821 320 862 na.
336 822 438 864 cunano.
1429 819 1446 857 r.
1455 815 1516 858 125⁸.
1531 817 1606 858 aaa.

349 888 490 951 aduocata
502 887 771 971 perditissimorum
785 887 927 948 iuuenum
942 902 1034 946 manu
1048 884 1144 947 uoluit
1157 885 1309 948 excludere
1332 904 1349 947 c
1364 886 1453 956 domo

349 1008 438 1070 quam
452 978 517 1072 ipsa
532 991 705 1066 donaueras,
721 989 771 1071 qui
784 995 814 1050 tc
829 986 884 1051 sibi
904 986 1025 1050 abatro
1044 984 1218 1050 coheredem
1236 988 1368 1051 relictam
1387 1005 1455 1068 gra·
1550 1029 1553 1037 ·

349 1092 425 1154 uiter
449 1099 480 1154 et
503 1093 607 1156 acerbe
625 1092 701 1166 tulit,
727 1092 777 1172 qui
797 1088 954 1154 confestim
973 1095 1002 1150 te
1021 1106 1091 1150 cum
1105 1095 1157 1152 tuo
1178 1090 1259 1153 luctu
1278 1096 1308 1151 ct
1321 1090 1455 1152 maerore

350 1193 480 1256 deseruit
494 1201 523 1256 et
538 1195 574 1255 ad
588 1193 729 1256 Rufinum
745 1197 774 1254 et
787 1190 983 1254 Aemilianum
998 1189 1034 1252 de
1048 1189 1116 1254 sinu
1130 1197 1182 1254 tuo
1198 1191 1319 1271 aufugit,
1339 1191 1390 1271 qui
1403 1191 1456 1253 tibi

314 1314 329 1363 5
350 1295 492 1376 plurimas
506 1303 611 1378 postea
625 1295 817 1359 contumelias
832 1293 904 1356 dixit
917 1311 1019 1357 coram
1035 1298 1065 1354 et
1078 1291 1233 1356 adiuuante
1252 1299 1357 1375 patruo
1378 1293 1455 1367 iecit,

351 1397 401 1476 qui
426 1414 537 1459 nomen
554 1406 641 1462 tuum
663 1418 717 1478 pro
738 1395 931 1458 ubunubus
951 1395 1117 1470 uentilauit,
1139 1394 1352 1475 qui‘pudorem
1370 1401 1457 1458 tuum

350 1498 471 1559 tuismet
484 1499 575 1562 litans
590 1507 715 1563 conatus
730 1505 775 1560 est
795 1498 911 1578 puhbce
931 1497 1122 1570 dedecorare,
1141 1495 1191 1576 qui
1205 1495 1345 1559 maritum
1359 1502 1455 1570 tuum,

351 1618 439 1680 quem
466 1602 603 1680 elegeras,
629 1619 728 1681 quem
748 1606 782 1662 ut
801 1600 864 1681 ipse
887 1598 1038 1674 obiciebat,
1058 1597 1188 1661 efflictim
1207 1597 1336 1673 amabas,
1356 1597 1458 1679 capitis
1489 1626 1493 1632 =

352 1699 522 1763 accusauit?
544 1703 624 1782 aperi
636 1722 755 1783 quaeso,
766 1701 843 1763 bone
854 1719 937 1783 puer,
953 1701 1033 1782 aperi
1043 1705 1267 1764 testamentumt
1282 1700 1396 1763 facilius
1410 1700 1458 1760 in·

300 1806 331 1858 10
352 1802 464 1864 saniam
479 1803 582 1866 matris
597 1803 640 1865 sic
653 1802 801 1884 probabis.
931 1806 939 1812 “

439 1972 514 2046 Quid
530 1971 644 2047 abnuis,
661 1971 731 2053 quid
744 1990 873 2047 recusas,
887 1977 1046 2054 postquam
1057 1971 1283 2035 sollicitudinem
1294 1972 1330 2034 de
1341 1973 1458 2034 heredi·
1476 1960 1478 1963 ’

312 2117 314 2120 -
354 2080 412 2134 tate
427 2081 560 2137 materna
573 2071 750 2157 reppulisti?
780 2080 810 2135 at
823 2093 877 2155 ego
892 2074 981 2135 hasce
995 2072 1119 2148 tabulas
1139 2073 1272 2148 Maxime,
1287 2073 1337 2135 hic
1349 2073 1458 2136 ibidem
1475 2081 1506 2134 el

354 2193 408 2254 pro
424 2177 547 2256 pedibus
561 2175 621 2237 tuis
637 2174 729 2238 abicio
744 2181 904 2255 testorque,
924 2193 973 2236 me
988 2175 1125 2255 deinceps
1143 2174 1321 2239 incuriosius
1340 2174 1459 2237 habitu-

352 2295 430 2351 rum,
456 2277 526 2357 quid
546 2277 710 2339 Pudentilla
726 2282 902 2338 testamento
923 2295 978 2339 suo
1000 2276 1117 2339 scribat.
1151 2275 1214 2357 ipse
1233 2277 1302 2351 iam,
1327 2277 1458 2354 utlibet,

303 2394 335 2444 15
356 2385 481 2441 matrem
496 2397 581 2441 suam
595 2381 632 2442 de
646 2386 743 2441 cetero
759 2386 873 2441 exoret:
888 2379 972 2454 mibi,
987 2386 1020 2443 ut
1034 2379 1111 2441 ultra
1123 2396 1178 2460 pro
1194 2397 1230 2440 ec
1245 2377 1392 2461 deprecer,
1413 2379 1461 2441 lo·

283 2503 342 2557 (seo)
356 2498 425 2543 cum
449 2497 511 2541 non
530 2481 656 2560 reliquit.
689 2480 752 2562 ipse
777 2481 836 2542 iam
855 2488 890 2543 ut
912 2477 917 2565 Ι
942 2481 989 2543 sui
1007 2487 1113 2562 potens
1133 2498 1166 2542 ac
1188 2480 1235 2542 uir
1258 2479 1460 2542 acerbissimas

354 2581 452 2644 literas
466 2583 554 2644 matri
568 2581 657 2644 dictet
670 2592 697 2644 et
710 2582 785 2644 iram
800 2584 863 2646 eius
878 2583 1008 2645 deliniat:
1030 2583 1080 2664 qui
1094 2582 1191 2665 potuit
1206 2600 1353 2663 perorare,
1373 2589 1460 2663 pote·

353 2683 392 2745 rit
405 2701 535 2746 exorare.
561 2684 634 2745 mihi
647 2685 706 2746 iam
721 2684 834 2747 dudum
845 2685 916 2748 satis
931 2691 986 2760 est,
1002 2686 1100 2747 sinon
1112 2683 1202 2747 modo
1214 2684 1336 2746 crimina
1348 2684 1461 2746 obiecta

353 2785 523 2864 plenissime
538 2785 618 2860 dilrai,
633 2805 739 2848 uerum
754 2785 842 2848 etiam
856 2785 985 2848 radicem
1004 2785 1102 2848 iudicii
1115 2785 1214 2861 huius,
1235 2785 1265 2847 id
1285 2792 1330 2847 est
1343 2784 1461 2848 heredi-

301 2900 334 2952 td
353 2885 421 2946 tatis
437 2886 583 2965 quaesitae
597 2886 737 2948 inuidiam
752 2886 885 2948 funditus
900 2887 1016 2948 sustuli.

438 2986 513 3048 Illud
528 2986 625 3062 etiam,
640 3004 678 3048 ne
693 2988 763 3068 quid
783 2989 918 3050 omnium
937 2994 1128 3068 praeteream,
1148 2989 1322 3072 priusquam
1341 3008 1459 3073 peroro,

354 3087 428 3149 falso
455 3088 602 3150 obiectum
628 3089 787 3152 reuincam.
829 3089 951 3165 dixistis,
978 3107 1026 3151 me
1051 3108 1157 3170 magna
1181 3093 1304 3173 pecunia
1328 3091 1460 3155 mulieris

355 3189 587 3270 pulcherrimum
601 3190 753 3270 praedium
768 3209 835 3252 meo
850 3191 973 3253 nomine
988 3191 1104 3254 emisse.
1131 3191 1206 3268 dico,
1223 3193 1360 3273 exiguum
1373 3194 1461 3255 here·

233 3372 240 3384 .
356 3289 467 3352 diolum
489 3287 502 3375 ΙΙ
522 3291 670 3371 sexaginta
683 3291 802 3354 milibus
816 3310 985 3368 nummum,
1005 3293 1035 3354 id
1050 3311 1167 3373 quoque
1181 3311 1244 3357 non
1258 3313 1315 3370 me,
1331 3294 1383 3356 sed
1396 3295 1458 3356 Pu·
1471 3314 1487 3358 r.
1498 3313 1559 3355 raso.

303 3411 336 3461 25
356 3391 505 3454 dentillam
526 3410 580 3456 suo
600 3393 721 3455 nomine
741 3394 861 3470 emisse,
881 3394 1062 3457 Pudentillae
1080 3410 1192 3457 nomen
1211 3396 1243 3458 in
1260 3395 1366 3458 tabulis
1386 3414 1461 3471 esse,

356 3493 536 3556 Pudentillae
555 3494 675 3556 nomine
695 3514 750 3576 pro
770 3516 805 3560 eo
825 3496 917 3577 agello
935 3496 1080 3563 tributum
1101 3497 1235 3578 dependi.
1264 3515 1404 3578 praesens
1418 3504 1463 3559 est

357 3602 495 3674 quaestor
514 3595 658 3677 publicus,
679 3597 726 3659 cui
745 3598 908 3680 depensum
923 3607 982 3673 est,
998 3599 1145 3662 Coruinus
1159 3599 1250 3675 Celer,
1264 3599 1312 3662 uir
1326 3605 1462 3662 ornatus:

425 3751 440 3803 2
459 3752 623 3805 cohaeredem
635 3769 652 3806 v
666 3752 672 3821 Ι
686 3753 803 3807 relietum
815 3771 832 3807 v
854 3753 866 3823 Ι
889 3756 905 3806 3
917 3770 1034 3807 moerore
1046 3772 1064 3808 v
1087 3754 1109 3825 ll>
1124 3758 1141 3809 4
1157 3755 1236 3809 tibiF
1255 3756 1290 3819 (at
1299 3755 1462 3824 Salmasius),

358 3831 392 3886 ihi
404 3850 444 3903 φν
467 3832 478 3903 Ι
506 3835 522 3887 6
537 3849 584 3902 pro
602 3834 723 3887 tribunali
739 3836 920 3888 subuculilauit
936 3835 977 3887 cal
991 3851 1037 3902 pro
1054 3836 1176 3888 tribunali
1191 3836 1230 3889 bis
1242 3838 1425 3891 uentilauitta'r
1436 3839 1461 3891 d.

357 3919 383 3967 ia
395 3931 480 3983 marg.
494 3916 554 3968 edii.
566 3916 635 3969 lant.
647 3917 705 3968 alt:
709 3919 833 3984 sortasse
845 3917 986 3969 uenditauit
1005 3914 1016 3985 Ι
1041 3917 1164 3971 llitteria
1176 3919 1239 3987 va
1267 3917 1277 3986 Ι
1305 3919 1321 3970 8
1338 3918 1462 3971 obiciebat

358 3996 412 4066 an,
426 3995 560 4050 alliciebat
571 4013 588 4048 v
611 3996 622 4066 Ι
646 3997 675 4048 11
690 3998 732 4064 qui
743 4011 875 4055 recusasa
903 3995 909 4065 Ι
934 3998 1121 4050 haereditates
1147 3998 1158 4068 Ι
1183 4000 1215 4054 12
1227 4000 1360 4066 reppullsti
1372 3999 1402 4066 P,
1419 4014 1462 4052 ra·

358 4076 446 4143 polisti
458 4093 499 4146 φν
522 4075 532 4144 Ι
558 4079 590 4129 1³
601 4078 681 4129 abicio
695 4095 717 4148 φ
730 4079 765 4141 (et
774 4077 958 4145 Caaaulonaa),
976 4079 1058 4130 adicio
1071 4076 1117 4130 FV
1144 4076 1155 4146 Ι
1184 4079 1216 4131 16
1231 4080 1371 4149 reliquidF
1401 4081 1406 4149 Ι
1432 4096 1462 4133 ac

359 4157 408 4220 uir}
422 4171 451 4207 ac
464 4158 507 4224 qui
519 4157 684 4211 Caaaabonaa
709 4157 715 4226 Ι
740 4158 925 4222 acerbissimas]
938 4158 1128 4224 acceptissimas
1139 4159 1260 4225 Baecula,
1277 4161 1462 4213 amantissimas

358 4237 551 4290 Hildadraadiua
574 4237 585 4306 Ι
609 4240 640 4290 11
653 4239 783 4291 litterasv
809 4235 814 4306 Ι
839 4239 1063 4291 matriaFlcridaa
1088 4237 1094 4307 Ι
1120 4241 1207 4306 dictet]
1221 4241 1305 4293 deleat
1316 4242 1438 4295 Floridaaa
1459 4240 1463 4310 Ι

359 4326 385 4370 et
400 4317 488 4370 addidi
514 4316 525 4388 Ι
554 4320 586 4370 19
597 4319 670 4371 huius
687 4320 772 4371 iudicii
784 4337 807 4379 ςε
827 4320 900 4371 huius
912 4320 1034 4371 mendacii
1051 4321 1174 4373 Pricaeus
1205 4321 1211 4388 Ι
1240 4320 1464 4389 haereditatiavfl

359 4399 389 4450 21
409 4406 495 4464 preter
512 4414 568 4450 eum
583 4397 641 4468 Pap,
658 4408 845 4466 praetereatur
872 4398 883 4470 Ι
911 4401 944 4454 22
960 4416 1050 4466 magna
1060 4399 1214 4453 Salmasius:
1230 4402 1397 4472 namnidon:
1414 4402 1462 4457 dal.

359 4479 492 4531 Acidaliae
520 4479 530 4548 Ι
558 4481 591 4531 23
606 4480 778 4532 haerediolum
794 4498 812 4535 v
839 4480 849 4549 Ι
877 4482 910 4533 24
926 4480 975 4534 hx
991 4480 1035 4551 up
1065 4481 1071 4550 Ι
1100 4498 1150 4533 non
1165 4496 1205 4534 mc
1221 4497 1276 4535 meo
1293 4483 1424 4535 Acidaliae
1450 4481 1462 4550 Ι

360 4562 392 4611 21
410 4560 535 4613 Coruinus
547 4561 663 4613 Clemens
675 4560 820 4615 Salmasius
843 4562 854 4631 Ι
