3867 5559
453 715 493 776 88
796 713 824 763 n.
842 711 964 766 arvum
981 712 1216 796 usosvnnnsrs

306 797 321 836 1.
336 796 395 836 troc.
410 797 426 836 1.
436 790 484 837 lab‘.
1470 798 1512 839 nd.
1527 799 1636 841 Oudcnd.

456 866 504 928 uel
518 867 610 947 magis
626 866 683 928 sibi
695 865 834 929 auxilium
849 865 946 928 mariti
960 865 1119 929 aduersum
1133 865 1196 928 eius
1211 867 1394 948 desperatam
1409 866 1563 928 auaritiam

456 967 697 1050 comparandum.

324 1072 453 1127 Lxxvlll
483 1088 488 1099 ·
543 1070 629 1131 llisee
648 1069 754 1133 auditis
774 1070 960 1132 exacerbatus
980 1070 1147 1149 aquariolus
1171 1070 1227 1132 iste
1244 1069 1347 1132 uxoris
1366 1089 1436 1134 suae
1456 1070 1495 1132 ita
1518 1071 1563 1132 ira

337 1195 339 1205 ¹
456 1171 610 1245 extumuit,
624 1171 665 1233 ita
679 1171 786 1234 exarsit
799 1171 910 1245 lurore,
929 1178 965 1233 ut
983 1171 1015 1232 in
1028 1166 1167 1232 feminam
1188 1171 1404 1234 sanctissimam
1424 1179 1454 1234 et
1473 1171 1561 1251 pudi-

455 1272 771 1353 cissimam-praesente
784 1272 844 1334 filio
859 1272 922 1334 eius
937 1273 1024 1353 digna
1038 1273 1172 1336 cubiculo
1187 1291 1242 1336 suc
1258 1272 1375 1347 diceret,
1391 1272 1559 1336 amatricem
1575 1250 1636 1368 (ξω)

456 1392 531 1450 eam,
545 1393 594 1437 me
608 1392 728 1455 magum
742 1381 772 1436 et
785 1374 950 1437 ueneficum
963 1374 1125 1437 clamitaret
1143 1374 1244 1437 multis
1259 1375 1453 1449 audientibus,
1474 1392 1561 1455 quos,

456 1477 481 1539 si
496 1477 589 1551 uoles,
604 1475 781 1539 nominabo:
797 1476 916 1539 semibi
931 1495 984 1540 sua
999 1494 1089 1540 manu
1100 1483 1227 1540 mortem
1238 1477 1402 1540 allaturum.
1428 1476 1478 1538 uix
1491 1461 1562 1538 harss

455 1578 520 1641 cula
544 1597 668 1658 possum
691 1578 752 1640 irae
777 1576 938 1641 moderari:
971 1578 1074 1658 ingens
1104 1578 1263 1658 indignatio
1293 1579 1403 1641 animo·
1417 1579 1561 1640 oboritur.

455 1687 535 1754 tune,
558 1679 816 1754 effeminatissime‚
841 1686 892 1743 tua
910 1696 1001 1741 manu
1020 1680 1156 1759 cuiquam
1170 1680 1237 1742 uiro
1251 1686 1379 1742 mortem
1393 1677 1561 1742 minitaris?

456 1788 485 1842 at
508 1800 565 1861 qua
585 1780 705 1843 tandem
727 1779 840 1844 mauu?
873 1781 1053 1843 Philomelae
1078 1798 1115 1840 an
1134 1781 1250 1843 Medeae
1274 1799 1311 1842 an
1329 1780 1560 1863 Clytemestrae?
1582 1787 1616 1838 lc

456 1901 528 1962 quas
543 1890 723 1945 tamencum
738 1885 827 1944 saltas
838 1917 882 1928 -
892 1889 972 1943 tanta
982 1879 1104 1944 mollitia
1114 1882 1213 1957 animi,
1228 1879 1234 1966 Ι
1252 1889 1332 1945 unta
1346 1883 1474 1946 formido
1488 1884 1560 1944 ferri

456 1991 569 2058 est-,
590 1984 653 2046 sin'e
672 1983 789 2046 cludine
809 1985 906 2046 saltas.
936 1984 1046 2046 sedne
1072 1984 1187 2065 longius
1212 1984 1248 2046 ab
1274 1984 1376 2047 ordine
1401 1984 1559 2064 digrediar:

352 2088 356 2096 '
455 2086 617 2148 Pudentilla
631 2093 792 2166 postquam
807 2086 899 2147 flium
936 2085 942 2097 '
963 2088 988 2146 s‘t
1007 2094 1122 2165 praeter
1141 2085 1311 2167 opinionem
1333 2088 1445 2164 [contra
1463 2089 1559 2164 suam]

367 2223 372 2226 -
456 2204 520 2249 asse
537 2187 730 2266 [sententiam]
748 2189 887 2268 deprauat
1007 2207 1022 2248 s
1037 2187 1168 2267 prolecta
1182 2186 1299 2268 scripsit
1317 2188 1436 2250 adeum
1457 2186 1559 2250 obiur-

456 2289 541 2368 gandi
556 2288 646 2369 gratia
659 2290 723 2352 illas
738 2289 951 2352 famosissimas
972 2289 1079 2364 literas,
1101 2280 1217 2370 quibus,
1238 2296 1272 2351 ut
1285 2289 1333 2352 isti
1347 2289 1469 2363 aiebant,
1485 2307 1559 2352 con-
1581 2293 1616 2353 1-1

454 2390 531 2452 lessa
551 2396 605 2464 est,
631 2407 697 2453 sese
717 2410 782 2452 mea
806 2392 900 2471 magia
919 2391 950 2453 in
972 2408 1104 2454 amorem
1123 2391 1273 2456 inductam
1288 2390 1463 2454 dementire:
1485 2408 1560 2471 quas
1572 2412 1636 2467 (sas)

456 2498 554 2552 tamen
576 2491 674 2555 literas
694 2509 710 2554 s
733 2492 886 2566 tabulario,
905 2492 1051 2555 Pontiano
1070 2499 1224 2572 praesente
1245 2501 1275 2555 et
1293 2500 1396 2556 contra
1415 2492 1561 2556 scribente

456 2592 628 2668 Aemiliano,
643 2593 865 2657 nudiustertius
880 2601 932 2656 tuo
943 2595 1041 2668 iussu,
1061 2593 1194 2669 Maxime,
1213 2601 1320 2658 testato
1339 2594 1560 2675 descripsimus,

454 2696 484 2757 in
500 2694 607 2774 quibus
621 2697 720 2759 omnia
734 2704 837 2760 contra
856 2696 1102 2778 praedicationem
1122 2697 1248 2761 istorum
1263 2715 1318 2778 pro
1339 2714 1387 2758 me
1405 2697 1559 2778 reperiun-

307 2805 445 2858 uxxvllll
454 2804 512 2859 tur.
542 2815 731 2878 quamquam,
745 2799 800 2862 etsi
819 2798 979 2862 districtius
994 2816 1113 2888 magum
1127 2816 1176 2861 me
1195 2799 1324 2873 dixisset,
1344 2805 1447 2882 posset
1465 2798 1559 2861 uideri
1579 2811 1615 2863 21)

455 2899 669 2974 excusabunda,
695 2917 727 2962 se
750 2901 810 2963 lilio
836 2901 898 2962 uim
924 2919 1021 2963 meam
1042 2917 1130 2981 quam
1145 2901 1328 2963 uoluntatem
1347 2918 1432 2963 suam
1446 2900 1560 2962 causari

455 3000 605 3064 maluisses
630 3017 668 3063 an
688 3001 751 3064 sola
764 3001 895 3065 Phaedra
908 3004 1017 3065 falsum
1032 3002 1199 3084 epistolium
1218 3003 1256 3064 de
1276 3020 1378 3066 amore
1392 3009 1560 3065 commenta

454 3100 520 3165 est?
548 3109 579 3167 at
597 3119 659 3165 non
679 3103 817 3166 omnibus
837 3104 1009 3168 mulieribus
1024 3105 1096 3168 haec
1111 3123 1159 3168 ars
1174 3104 1280 3167 usitata
1293 3112 1348 3179 est,
1359 3112 1406 3178 ut,
1422 3093 1491 3167 eum
1505 3104 1560 3167 ali·

454 3202 524 3284 quid
544 3202 607 3266 eius
626 3205 709 3268 modi
727 3206 802 3269 uelle
820 3213 991 3288 coeperunt,
1018 3207 1122 3270 malint
1142 3213 1258 3269 coactae
1277 3203 1394 3270 uideri?
1434 3206 1513 3286 qucsl
1534 3207 1560 3268 si

455 3305 542 3367 auam
555 3305 655 3369 ormo
668 3306 710 3369 su
723 3307 837 3388 pacm
853 3308 912 3386 [ma
925 3325 1046 3389 meum
1058 3309 1146 3387 esser,
1161 3309 1308 3373 suessona
1322 3292 1558 3389 magnericus,
1579 3318 1618 3373 ss·

523 3578 542 3629 1·
556 3578 701 3644 olbiorum
723 3575 734 3646 Ι
757 3577 947 3630 dicominamv
974 3578 978 3644 Ι
1009 3587 1035 3630 et
1050 3579 1335 3647 pudicissimemosrs.‹p
1359 3577 1370 3647 Ι
1398 3568 1533 3631 ‘lmiolsil'
1556 3578 1561 3646 Ι

454 3660 632 3728 mortim-lq
657 3657 664 3726 Ι
689 3658 820 3730 illaturum
833 3659 999 3714 casaubonus
1030 3658 1041 3728 Ι
1076 3663 1193 3712 Ptene-
1205 3660 1316 3711 minitari
1331 3661 1527 3714 Hildsdrassds'us
1556 3660 1560 3729 Ι

454 3741 681 3794 effoeminatissime
693 3756 710 3792 v
730 3736 751 3806 Ι
769 3740 800 3792 1c
812 3739 990 3797 clitemnestra
1003 3740 1070 3810 nov
1084 3741 1157 3810 (post
1167 3741 1270 3794 literam
1282 3742 1290 3792 i
1302 3743 1330 3792 a'u
1341 3741 1362 3792 F
1375 3745 1478 3806 ramea)
1503 3739 1556 3809 Ι11

454 3837 510 3873 enm
521 3821 727 3891 saltashs'pss‘ur.
737 3821 872 3874 musultus
882 3820 946 3888 anv
973 3819 978 3886 Ι
1001 3822 1144 3873 mollioiav
1170 3821 1175 3886 Ι
1201 3822 1283 3885 animi]
1297 3827 1352 3873 εἰν
1379 3821 1390 3891 Ι
1415 3823 1447 3874 12
1458 3822 1559 3873 cludine

454 3903 527 3970 dcv:
540 3903 656 3954 elnnaolo
670 3903 845 3966 Cumanus,
858 3900 960 3984 ludione
974 3901 1073 3990 Gulosus
1100 3901 1111 3972 Ι
1142 3903 1172 3953 13
1185 3903 1248 3953 uidit
1264 3906 1368 3972 scripsi:
1386 3902 1530 3969 nidetllqv
1551 3901 1561 3969 ΙΙ

455 4038 487 4089 13
499 4041 526 4087 et
538 4037 569 4088 11
581 4038 657 4088 uerba
668 4045 758 4088 contra
770 4051 840 4087 suern
852 4037 1002 4089 sententiam
1014 4039 1086 4089 utrem
1097 4037 1190 4088 inclusa·
1202 4034 1212 4103 Ι
1226 4037 1257 4088 15
1270 3981 1494 4088 flammaue
1486 3982 1560 4032 m)

454 4116 736 4187 F,iormosissimasq,
748 4115 957 4169 famosissimasv
983 4115 993 4184 Ι
1015 4116 1115 4168 litteras
1128 4117 1182 4187 up,
1194 4115 1278 4168 liasv
1313 4115 1339 4185 Ι
1357 4117 1389 4169 l'l
1406 4131 1421 4166 e
1436 4115 1497 4168 odd
1511 4117 1560 4168 Cu

453 4201 583 4254 soudcrsus
601 4195 613 4268 Ι
637 4196 792 4250 Pontianir:
808 4197 907 4273 publico
926 4183 1092 4251 Casuudorsus
1124 4196 1136 4265 Ι
1160 4197 1476 4251 conscribenteVrss'ssus
1484 4195 1496 4265 Ι
1526 4188 1559 4250 18

454 4280 665 4334 deseribsimusP
688 4276 700 4346 Ι
723 4278 756 4331 20
773 4263 964 4330 destrictiusV
991 4277 1021 4345 Ι
1026 4293 1128 4330 mecm
1141 4295 1169 4348 φ
1187 4276 1197 4346 Ι
1225 4279 1256 4330 21
1271 4278 1452 4330 excusabunda
1464 4293 1492 4328 se
1505 4277 1563 4330 dlio

455 4379 477 4426 ς,
494 4358 809 4422 excusabundnsedlioll,
827 4358 1021 4411 'excusabundus
1037 4366 1064 4411 et
1081 4357 1182 4427 liliam,
1200 4359 1392 4410 excusabundus
1410 4375 1424 4409 a
1442 4358 1531 4410 ullov
1552 4358 1563 4426 ΙΙ

454 4440 487 4493 22
499 4439 642 4493 Plroedrav
662 4438 677 4509 Ι
700 4441 733 4492 23
745 4445 772 4491 at
779 4437 861 4510 quV,
873 4455 905 4492 an
918 4457 931 4498 ς
953 4438 974 4508 Ι
986 4439 1021 4491 25
1033 4438 1125 4502 animo}
1137 4439 1235 4490 omuino
1248 4439 1381 4546 Acidolius
1403 4439 1408 4509 Ι
1431 4442 1512 4493 carbo
1519 4453 1559 4490 me

455 4537 552 4585 magum
564 4536 621 4572 essa
633 4522 728 4576 seclusi
751 4521 790 4589 Ι
784 4521 938 4572 iccirconsv
961 4518 976 4588 Ι
1093 4528 1105 4541 ²
1281 4558 1285 4564 .
