3867 5559
460 769 507 812 m
913 748 1105 802 PRAEFATIO

324 983 327 987 r
382 969 388 979 ,
455 901 593 989 dorpi,
622 901 844 986 Bosschae,
875 901 1149 969 Hildebrandi
1178 902 1285 968 omnia
1316 902 1434 990 Apulei
1464 924 1562 990 opera
1682 904 1690 917 '

458 1007 708 1096 complectentes
736 1017 864 1096 praesto
894 1008 972 1074 mihi
1001 1011 1131 1075 fuerunt
1156 1009 1292 1076 Isaaci
1317 1007 1561 1090 Oasauboni,

458 1113 661 1202 Scipionis
678 1111 875 1198 Gentilis,
897 1114 1063 1183 Ioannis
1079 1114 1240 1181 Pricaei
1264 1113 1433 1203 apologiae
1449 1114 1561 1180 editio-

458 1244 527 1302 nes,
551 1242 687 1308 quarum
709 1219 794 1286 tituli
816 1220 850 1286 hi
874 1231 962 1288 sunt:
1579 1283 1582 1291 .

552 1327 585 1415 1)
608 1331 646 1393 L.
665 1326 781 1409 Apalel
805 1331 1023 1393 Madaurenaie
1045 1331 1215 1411 Philosophi
1236 1331 1386 1392 Platonici
1407 1329 1563 1411 Apolopic.

459 1437 619 1499 lsaacae
644 1438 888 1502 casaubonus
909 1437 1067 1513 recensuit,
1094 1435 1215 1498 Graeca
1236 1436 1392 1517 eappkait,
1415 1436 1562 1499 11011111·-

455 1545 610 1624 pationam
633 1543 762 1605 libellam
785 1542 902 1605 adiecit.
947 1543 999 1605 Ad
1018 1545 1117 1606 airam
1139 1542 1285 1604 illustrem
1307 1542 1464 1622 [arepham
1486 1542 1562 1604 Sca—

459 1649 586 1731 liperani
606 1649 666 1710 Inl.
693 1647 777 1710 Caes.
800 1648 858 1712 Fil.
881 1648 1066 1711 eraditaram
1088 1652 1209 1710 nostrae
1232 1648 1339 1710 aetalia
1351 1647 1452 1729 facile
1472 1649 1563 1729 prin-

459 1756 564 1835 oipem.
614 1753 667 1816 Ea
694 1756 901 1836 typopraplsao
929 1754 1107 1834 Hieronymi
1131 1753 1283 1815 Cornelini.
1330 1751 1560 1816 MDXCIIH.

548 1854 584 1944 2)
608 1858 807 1940 Scipionis
834 1860 1003 1923 Ge'atilis
1032 1859 1177 1922 Iariecae.
1206 1859 1239 1921 in
1260 1858 1296 1922 L.
1321 1858 1429 1940 Apulei
1451 1859 1562 1922 Philae.

459 1970 490 2028 et
509 1964 660 2028 Adaacati
680 1965 767 2028 Rom,
791 1965 984 2047 Apolopiaaa,
1015 1986 1073 2047 qna
1096 1966 1214 2046 seipse
1236 1964 1369 2046 defendit
1386 1965 1505 2044 ptablioa
1527 1965 1563 2026 de

460 2072 562 2153 mapia
584 2071 706 2150 indicio,
730 2073 969 2134 commentarius.
1010 2071 1083 2134 Cam
1105 2072 1205 2133 indice
1228 2070 1341 2151 duplici
1363 2074 1516 2132 aacloram
1535 2075 1565 2132 et

460 2195 562 2240 reram
585 2178 763 2258 locupletior.
786 2178 953 2254 Hananiae,
978 2177 1071 2258 'Apad
1093 2177 1251 2239 Claadiaaa
1272 2175 1440 2256 Marciana,
1464 2180 1494 2238 et
1513 2179 1563 2239 lae-
1589 2213 1591 2216 -

460 2282 547 2345 redes
575 2283 681 2346 Ioann.
700 2283 819 2346 Aabrii.
850 2283 1019 2347 MDCVII.
1050 2279 1106 2369 (=
1132 2283 1284 2364 Scipionis
1314 2281 1442 2344 Gentilis
1464 2282 1563 2344 Iario-

461 2389 586 2451 consalti
618 2395 648 2452 et
673 2391 872 2452 antecessoris
898 2390 1009 2452 Norici
1035 2409 1127 2470 opera
1155 2390 1255 2477 arania
1283 2390 1316 2450 in
1338 2390 1445 2469 plnres
1472 2393 1564 2450 aanor

456 2494 629 2576 diambae.
685 2494 793 2556 Tamne
820 2501 930 2557 sentus·
977 2496 1106 2576 Neapoli
1134 2493 1410 2556 MDOOLXVIII.
1455 2492 1563 2574 Sarap-

461 2600 538 2662 tilae
560 2599 685 2662 Ioannis
710 2600 851 2664 Gravior.
897 2602 1083 2664 Aaclarilale
1101 2594 1246 2684 publica.)

549 2702 585 2789 3)
608 2705 646 2768 L.
665 2705 785 2786 ApaleI
803 2706 1032 2788 Mataurense,
1055 2707 1225 2788 Philosophi
1244 2706 1392 2769 Platonici
1407 2705 1563 2786 Apolapia,

460 2811 642 2894 Recopnila,
672 2817 701 2874 el
726 2813 878 2875 nonnullis
898 2813 996 2889 Nolis,
1021 2832 1057 2875 ac
1083 2812 1347 2876 Obseraationibac
1368 2812 1563 2874 illnalrataa

461 2917 601 2980 Ioanne
629 2917 789 2980 Pricceo
822 2918 1106 2998 Aapla-Brilanna.
1160 2919 1361 2981 Accesserant
1393 2916 1563 2998 Antiquita-

461 3027 521 3085 tum
538 3022 719 3104 frapmenla
748 3024 894 3105 quaedam
911 3024 989 3086 aeri
1017 3001 1127 3086 incisas
1170 3024 1303 3085 Parisiis
1308 3069 1317 3102 ,
1347 3021 1441 3102 Apnd
1466 3022 1564 3085 Simo·

459 3147 526 3190 nem
554 3128 696 3209 Ferrier,
727 3130 770 3192 ad
790 3130 925 3210 primam
955 3130 1128 3192 Columnam
1156 3129 1291 3212 Mapnae
1318 3127 1417 3190 Aalae
1446 3127 1563 3208 Palatij.

460 3234 714 3298 M.DO.XXXV.

548 3337 625 3404 Non
640 3337 674 3402 in
689 3336 795 3403 animo
812 3346 860 3404 est
875 3338 915 3404 de
931 3339 1079 3405 omnibus
1095 3339 1173 3404 viris
1189 3338 1302 3422 doctis,
1325 3338 1379 3426 qui
1395 3335 1563 3424 apologiae

461 3442 679 3508 emendandae
703 3443 806 3509 adhuc
831 3466 960 3531 operam
985 3443 1151 3527 dederunt,
1175 3445 1237 3509 hoc
1259 3445 1331 3509 loco
1348 3443 1503 3509 iudicium
1517 3443 1563 3507 fa-

461 3570 549 3614 cere:
583 3548 711 3615 cuinam
739 3572 851 3616 eorum
879 3550 987 3637 palma
1015 3550 1189 3616 deferenda
1217 3549 1258 3614 sit
1264 3598 1273 3633 ,
1309 3547 1465 3616 dubitatio
1494 3570 1564 3613 esse

460 3664 567 3742 potest
587 3656 684 3721 nulla.
731 3654 865 3721 debetur
887 3655 1031 3722 Isaaco
1057 3655 1306 3740 Oasaubono,
1332 3655 1449 3743 quippe
1473 3653 1564 3719 cuius

461 3761 704 3848 castigationes,
734 3783 913 3845 ‹pancaram
941 3765 1058 3828 dieram
1089 3765 1188 3828 dicam
1215 3784 1254 3827 aa
1276 3766 1421 3827 larararn
1437 3764 1563 3841 foetae,

462 3863 585 3931 diffusis
620 3866 857 3934 commentariis
886 3876 1065 3934 ceterorum
1093 3869 1192 3955 longe
1226 3874 1405 3955 praestent:
1439 3865 1563 3944 videbis

461 3971 576 4037 multas
607 3972 675 4039 eius
702 3972 940 4040 emendationes
961 3975 1027 4040 iam
1050 3974 1273 4061 comprobatas
1298 3971 1469 4038 collatione
1492 3994 1564 4037 mea

461 4076 608 4143 codicum
642 4077 914 4145 Florentinorum.
971 4079 1051 4145 tanti
1089 4079 1151 4144 viri
1184 4078 1224 4144 de
1260 4076 1377 4164 Apulei
1415 4076 1565 4164 apologia

460 4181 614 4249 iudicium
643 4207 684 4250 ne
713 4185 874 4252 oblivione
903 4184 1063 4268 interiret,
1093 4186 1209 4250 iterum
1231 4182 1317 4269 typis
1341 4182 1563 4249 excudendam

461 4290 571 4355 curavi
593 4290 762 4379 epistulam
785 4292 853 4358 eius
875 4291 915 4358 ad
937 4290 1112 4378 Iosephum
1135 4286 1348 4375 Scaligerum,
1376 4311 1473 4376 quam
1496 4286 1564 4353 edi-

460 4394 541 4459 tioni
563 4396 723 4482 praefixit.

552 4501 629 4567 Post
645 4500 871 4568 Oasaubonum
896 4500 935 4565 de
951 4500 1071 4587 Apulei
1094 4499 1202 4566 verbis
1220 4497 1429 4565 emendandis
1445 4498 1564 4587 optime
