3867 5559
467 753 485 793 χ
925 731 1114 786 rmnrarro

467 904 572 969 neque
596 883 740 948 codicem
763 882 1015 949 Laurentianum
1042 885 1187 951 LXVIII
1210 888 1230 950 2
1253 909 1358 973 noque
1381 886 1567 952 Laurentia-

467 1011 544 1053 num
568 986 737 1052 XXVIIII
761 990 797 1071 2,
827 989 884 1054 sed
913 989 1031 1055 librum
1059 989 1310 1078 manuscriptum
1332 991 1382 1055 his
1405 991 1568 1057 codicibus

468 1092 664 1159 simillimum
682 1094 883 1180 eundemque
900 1095 976 1159 olim
993 1094 1203 1176 Marcianum,
1227 1095 1322 1160 hodie
1339 1105 1445 1161 autem
1460 1096 1568 1161 nescio

466 1221 531 1285 quo
562 1199 633 1264 loco
663 1199 826 1265 latentem.
872 1201 990 1265 frustra
1020 1200 1161 1287 speravi,
1195 1200 1281 1265 hunc
1304 1200 1567 1288 investigaturam

466 1325 537 1369 esse
560 1303 732 1370 Henrici
753 1305 785 1369 N
792 1305 918 1370 isseni
942 1292 1069 1372 Holsati
1085 1306 1294 1394 diligentiam,
1320 1307 1382 1389 cui,
1406 1330 1480 1372 cum
1496 1331 1562 1393 pro·

467 1408 554 1473 ximo
592 1433 676 1475 anno
714 1409 898 1476 Florentiae
936 1422 1129 1494 moraretur,
1168 1411 1321 1476 suadente
1358 1412 1568 1477 Theodoro

467 1513 705 1579 Mommseno
730 1516 927 1581 eruditorum
949 1516 1095 1604 principe
1118 1516 1283 1602 angustias
1299 1540 1386 1582 meas
1409 1539 1568 1582 commen-

466 1619 627 1687 daveram.
675 1622 844 1686 certiorem
874 1623 1004 1710 quidem
1031 1646 1082 1688 me
1105 1623 1183 1688 fecit
1205 1622 1362 1688 Nissenus
1385 1622 1424 1687 de
1448 1622 1569 1709 aliquot

468 1726 562 1809 locis,
595 1748 674 1813 quos
697 1725 890 1793 Muellerum
916 1751 1029 1814 parum
1053 1736 1202 1793 accurate
1225 1726 1405 1792 excussisse
1428 1728 1567 1813 suspica-

466 1834 539 1898 bar:
573 1841 790 1919 perscrutatus
819 1842 868 1897 est
895 1833 980 1899 idem
1009 1833 1219 1900 bibliothecas
1249 1842 1281 1896 et
1308 1812 1507 1897 Marcianam
1538 1843 1570 1897 et

467 1937 732 2019 Laurentianam,
762 1961 867 2024 neque
896 1947 1005 2005 tamen
1032 1939 1124 2003 illum
1151 1936 1293 2025 repperit
1318 1938 1435 2003 librum
1458 1960 1567 2003 manu-

467 2044 637 2131 scriptum,
667 2066 807 2130 quocum
830 2045 1010 2110 Victorium
1039 2043 1118 2108 mihi
1147 2043 1277 2130 quidem
1306 2065 1493 2129 persuasum
1521 2052 1569 2107 est
1659 2055 1660 2058 ’

467 2149 632 2237 exemplar
655 2173 747 2215 suum
770 2152 1008 2236 recognovisse.

555 2254 648 2334 Quae
678 2278 752 2320 cum
781 2254 825 2319 ita
848 2255 927 2338 sint,
957 2256 1145 2320 alterutrum
1169 2262 1326 2319 statuatur
1348 2276 1481 2318 necesse
1505 2265 1568 2318 est:

465 2370 521 2424 aut
543 2360 696 2440 codicem,
722 2383 817 2447 quem
833 2361 1056 2427 Victorianum
1077 2360 1184 2426 dicere
1205 2360 1293 2441 libet,
1318 2380 1359 2422 ex
1373 2358 1569 2425 bibliotheca

465 2464 631 2531 Marciana
653 2488 719 2530 non
742 2476 816 2531 cuin
840 2466 954 2531 ceteris
979 2465 1067 2531 libris
1091 2463 1315 2550 manuscriptis
1339 2465 1372 2530 in
1398 2463 1564 2529 bibliothe-

466 2594 537 2637 cam
561 2570 811 2637 Laurentianam
834 2572 890 2658 (cf.
914 2573 993 2636 Keil.
1011 2575 1116 2635 Philol.
1139 2573 1162 2633 Ι
1173 2593 1207 2653 p.
1223 2569 1311 2656 182),
1337 2569 1393 2634 sed
1417 2569 1569 2633 aliorsum

465 2677 655 2741 translatum
690 2700 775 2760 esse,
811 2677 867 2742 ubi
897 2676 1038 2742 tenebris
1067 2678 1199 2743 obrutus
1228 2677 1373 2742 virorum
1402 2674 1569 2738 doctorum

465 2783 575 2847 oculos
598 2782 702 2847 adhuc
726 2781 923 2869 effugerit¹),
947 2791 1003 2848 aut
1024 2782 1203 2848 Victorium
1228 2779 1401 2847 contulisse
1425 2779 1568 2843 codicem

466 2887 718 2954 laurentianum
734 2888 802 2952 sive
818 2888 967 2952 LXVlII
984 2889 1003 2950 2
1022 2887 1089 2950 sive
1105 2886 1279 2953 XXVIIII
1291 2887 1321 2967 2,
1339 2885 1383 2949 ita
1398 2893 1517 2965 tamen,
1535 2893 1569 2947 ut

466 3003 596 3080 propter
608 2994 760 3080 plurimas
773 2992 946 3079 scripturas
959 3001 991 3056 et
1003 3014 1111 3056 erasas
1123 3001 1155 3055 et
1168 2999 1339 3072 correctas,
1352 3011 1436 3076 quae
1448 2997 1568 3053 utrum-

465 3120 527 3187 que
537 3099 746 3165 reddiderunt
756 3098 842 3163 lectu
854 3097 1088 3179 difficillimum,
1105 3096 1138 3160 in
1150 3095 1305 3161 auxilium
1316 3102 1448 3160 vocaret
1459 3093 1568 3158 nescio

465 3227 562 3291 quem
573 3205 690 3269 librum
706 3205 956 3291 manuscriptum
970 3202 1192 3268 Florentinum
1205 3201 1370 3268 deterioris
1382 3210 1486 3266 notae.
1523 3208 1568 3264 at-

466 3332 529 3397 que
552 3311 636 3376 hanc
660 3309 861 3392 sententiam,
886 3331 983 3396 quam
999 3307 1157 3374 Keilius
1173 3331 1231 3394 per
1246 3307 1355 3372 literas
1370 3304 1568 3391 gratissimas

467 3437 593 3481 mecum
616 3413 879 3496 communicavit,
909 3415 936 3478 si
959 3435 1147 3500 sequamur,
1174 3412 1360 3477 nonhabet
1383 3432 1460 3476 sane
1483 3410 1568 3496 quod

538 3649 564 3714 1)
583 3648 710 3702 Fortasse
728 3646 795 3700 latet
813 3647 841 3700 in
858 3646 1023 3701 bibliotheca
1034 3645 1174 3710 Vaticana,
1193 3646 1217 3701 si
1234 3646 1285 3701 hoc
1302 3644 1381 3700 modo
1397 3645 1570 3712 interpretari

465 3733 541 3797 licet,
565 3746 633 3800 quae
651 3730 780 3786 Nicolaus
798 3731 926 3785 Heinsius
944 3730 979 3785 sd
997 3729 1160 3785 christinam
1178 3731 1298 3798 reginam
1316 3746 1340 3784 a.
1360 3729 1430 3782 1662
1449 3728 1568 3796 scripsit:

466 3817 604 3882 ‘Apuleius
627 3824 664 3867 est
685 3816 861 3883 dipsissimus,
885 3833 958 3882 quem
983 3817 1168 3882 castigatiorem
1181 3816 1284 3881 publice
1302 3816 1426 3881 lepamus,
1451 3830 1507 3863 cuns
1525 3814 1570 3862 oin

466 3902 576 3966 scriptor
597 3901 666 3952 aliiae
681 3902 744 3966 plus
761 3901 855 3966 leporis
872 3909 948 3965 atque
966 3902 1121 3953 urbanitatis
1139 3918 1196 3951 cum
1213 3908 1286 3950 tanta
1303 3898 1447 3950 eruditione
1465 3899 1569 3948 coniun-

464 3993 518 4051 pat.
554 3984 618 4034 oluos
642 3986 697 4036 eius
721 3985 818 4036 codices
840 3985 868 4035 in
887 3985 1005 4034 Medicea
1030 3984 1177 4035 bibliotheca
1200 3993 1302 4035 eostam
1322 3983 1437 4046 utemini,
1462 3999 1570 4047 quorum

467 4085 513 4133 ops
531 4067 668 4119 sditionem
685 4085 759 4118 suam
771 4069 932 4134 potissimum
951 4068 1114 4119 concinnavit
1132 4067 1346 4131 Elmenltomtias,
1368 4067 1475 4116 caeteris
1492 4067 1569 4115 omni·

467 4153 513 4204 bras
530 4151 665 4214 meliorent,
682 4168 729 4202 nec
748 4160 831 4203 tamen
850 4153 983 4218 optimam,
1007 4168 1064 4202 cum
1081 4168 1175 4215 parum
1197 4151 1332 4217 olilipenter
1348 4150 1501 4201 membranis
1519 4149 1569 4198 illis

467 4237 501 4287 sit
517 4253 586 4289 usus.
619 4235 828 4286 veterrimum
847 4235 1013 4300 exemplar
1030 4235 1062 4285 in
1087 4234 1247 4285 Vaticana
1265 4234 1394 4284 seruari
1412 4233 1502 4284 Iacchi
1514 4230 1569 4281 Su·-

466 4318 554 4371 moadi
566 4319 618 4369 oiri
630 4318 768 4370 doctissimi
779 4319 815 4369 ad
826 4318 963 4371 Sidmtium
973 4319 1148 4383 Apollinarem
1159 4317 1244 4385 (IIII
1250 4318 1277 4382 8)
1287 4326 1361 4368 notae
1372 4332 1411 4367 me
1421 4316 1569 4379 docuerunt,

468 4417 500 4454 ea
512 4419 562 4468 qno
570 4403 694 4467 plurimis
704 4403 765 4454 locis
776 4402 817 4453 hio
829 4403 884 4468 ipse
895 4401 1022 4469 Apuleius
1035 4403 1217 4468 corripiatque
1229 4401 1386 4453 emendatior
1393 4401 1503 4466 prodire
1512 4417 1569 4465 pos-

467 4487 521 4538 sita.
558 4486 591 4550 cs.
611 4487 760 4538 Burmanni
778 4487 862 4552 spllop.
882 4488 954 4550 epist.
980 4486 1005 4535 V
1014 4503 1044 4550 p.
1065 4488 1123 4538 783.
