3867 5559
475 757 515 799 m
932 735 1119 791 PRAEFATIO

477 886 624 954 Graecae
647 910 777 975 prorsus
801 888 1000 975 imperitum:
1027 889 1066 954 de
1090 890 1267 956 recentiore
1291 915 1327 956 ac
1351 891 1445 956 docta
1468 915 1575 974 manu,

476 1008 574 1081 quam
615 993 728 1059 eadem
768 994 802 1058 in
839 994 986 1080 margine
1024 995 1191 1061 emendate
1229 995 1463 1083 diligenterque
1502 1019 1575 1061 con-

476 1097 640 1184 scripsisse
668 1096 846 1164 Bandinius
880 1108 1005 1182 narrat,
1040 1098 1214 1166 Muellerus
1249 1111 1281 1167 et
1307 1101 1464 1168 Nissenus
1498 1101 1576 1167 nihil

477 1202 597 1271 dicunt.
1361 1224 1364 1230 ·

564 1309 610 1376 ΙΙ.
648 1309 751 1375 codex
785 1309 1021 1376 Laurentianus
1055 1310 1226 1377 XXVIIII
1261 1311 1281 1376 2
1314 1312 1577 1377 membranaceus

474 1417 578 1482 forma
606 1416 748 1482 maxima
776 1415 903 1503 paginis
925 1415 1072 1482 bifariam
1096 1416 1206 1483 divisis
1229 1416 1330 1482 literis
1353 1414 1575 1504 Langobardi-

459 1522 533 1604 sois,
556 1521 668 1607 primis
692 1529 843 1607 quattuor
864 1521 949 1586 foliis
973 1544 1046 1586 cum
1065 1521 1167 1608 quinti
1186 1521 1483 1608 dimidioexceptis,
1508 1538 1590 1586 sae*

476 1626 547 1692 culo
571 1625 760 1692 duodecimo
785 1649 826 1692 ex
850 1625 961 1691 codice
984 1626 1200 1694 Laurentiano
1224 1627 1412 1694 LXVIII2
1436 1628 1575 1714 descrip-

475 1743 545 1816 tus,
569 1732 659 1798 cuius
683 1732 716 1797 in
739 1733 828 1798 calce
851 1754 969 1797 nomen
992 1732 1157 1798 Francisci
1181 1731 1308 1799 Aretini
1330 1735 1456 1822 legitur.
1502 1756 1576 1801 con-

477 1848 540 1905 stat
559 1837 644 1904 soliis
667 1837 794 1925 scriptis
820 1838 870 1902 79.
893 1837 1017 1903 insunt:

589 1943 621 2030 1)
645 1945 667 2008 f.
695 1944 856 2009 1-24b:
879 1943 998 2030 Apulei
1021 1942 1061 2007 de
1084 1943 1191 2031 magia
1214 1944 1304 2010 liber.

586 2048 622 2136 2)
647 2050 668 2114 f.
692 2049 908 2115 24b-73b:
932 2047 1051 2135 Apulei
1074 2048 1372 2134 metamorphoseon
1394 2048 1468 2114 libri
1489 2047 1549 2111 XI.

587 2153 622 2238 3)
647 2152 667 2218 f.
693 2153 908 2218 reb—reb:
932 2151 1050 2238 Apulei
1072 2152 1258 2218 floridorum
1281 2152 1355 2218 libri
1378 2152 1460 2218 IIII.

564 2259 667 2325 Recte
702 2258 826 2323 monuit
853 2257 995 2339 Keilius,
1031 2261 1135 2323 ‹beiae
1168 2261 1281 2323 codicia
1313 2261 1456 2323 eeimiem
1485 2262 1517 2322 in
1545 2281 1578 2323 eo

475 2387 561 2430 acam
586 2386 659 2446 esse,
683 2367 768 2447 quod,
792 2386 858 2429 eum
881 2385 897 2428 e
919 2372 1017 2429 vetere
1039 2370 1099 2428 tem
1121 2386 1188 2429 cern
1210 2369 1374 2429 recentiore
1395 2387 1488 2429 morte
1505 2389 1577 2430 norr-

477 2473 546 2535 dum
569 2477 722 2548 correctas
743 2477 812 2534 erat
832 2473 1000 2551 descriptus
1021 2473 1070 2553 ait,
1094 2491 1183 2552 saepe
1192 2473 1331 2553 priorem
1347 2474 1530 2553 scripneram
1545 2475 1578 2534 irc

476 2580 528 2641 illc
556 2583 608 2640 aet
629 2596 761 2659 prorsus
790 2576 915 2638 deletam
943 2582 996 2638 arat
1022 2579 1064 2639 ita
1091 2577 1245 2658 affectam,
1275 2583 1307 2639 ut
1328 2578 1392 2639 aiae
1415 2579 1468 2640 tart
1491 2579 1578 2641 adie-

475 2690 571 2747 mento
592 2688 672 2746 certo
687 2683 971 2763 repromittentem,
993 2683 1192 2745 demonstror.
1232 2681 1370 2745 correxit
1384 2701 1461 2745 vero
1478 2682 1578 2745 multa

470 2786 645 2875 *apologiae
674 2786 773 2851 verba
802 2800 914 2850 manus
945 2785 1066 2850 saeculi
1095 2786 1200 2872 quarti
1229 2787 1283 2850 vel
1312 2784 1415 2872 quinti
1445 2784 1577 2850 decimi:

473 2889 576 2960 altera
608 2891 704 2978 primi
737 2890 806 2955 folii
840 2899 872 2955 et
906 2888 1039 2956 secundi
1069 2890 1161 2956 lineis
1190 2892 1362 2957 verborum
1390 2890 1577 2978 interpreta-

476 2998 580 3064 tiones
603 2995 791 3078 immiscuit,
816 3017 898 3083 quae
921 2994 1038 3060 nullius
1062 2996 1215 3060 momenti
1238 3004 1319 3062 sunt.
1365 2996 1462 3061 etiam
1484 2996 1578 3062 huius

476 3104 549 3171 libri
572 3100 780 3188 manuscripti
803 3110 914 3167 auctor
936 3100 998 3166 fuit
1019 3100 1184 3167 literarum
1208 3099 1408 3167 Graecarum
1431 3102 1576 3189 ignarus:

477 3233 574 3299 quam
586 3210 638 3275 ‘ob
661 3230 730 3274 rem
752 3206 852 3273 verba
868 3205 996 3273 Graeca
1016 3206 1182 3294 archetypi
1197 3206 1342 3294 depinxit
1357 3207 1461 3295 potius
1482 3231 1576 3295 quam
1673 3192 1676 3197 ’

477 3313 654 3401 descripsit.

565 3419 626 3486 III.
650 3417 753 3484 codex
767 3415 1003 3483 Laurentianus
1019 3416 1119 3482 LIIII
1136 3417 1176 3481 12
1198 3419 1460 3485 membranaceus
1475 3419 1579 3484 forma

477 3525 618 3593 maxima
647 3524 774 3591 saeculo
801 3521 911 3610 quinto
935 3521 1060 3587 decimo
1083 3521 1274 3589 nitidissime
1297 3534 1456 3592 exaratus.
1503 3547 1578 3590 con-

477 3641 541 3698 stat
562 3631 648 3697 foliis
671 3627 799 3716 scriptis
824 3625 896 3693 198.
920 3628 1045 3694 insunt:

591 3735 624 3822 1)
647 3736 669 3801 f.
697 3735 807 3799 1-9:
830 3732 871 3798 de
894 3732 954 3798 deo
972 3731 1115 3800 Socratis
1138 3733 1227 3800 liber.

589 3839 624 3929 2)
648 3841 670 3906 l.
696 3839 853 3904 10—23:
876 3838 1024 3926 dialogus
1047 3839 1211 3906 Hermetis
1233 3841 1429 3929 Trimegisti.

591 3946 627 4030 3)
659 3995 666 4011 .
691 3946 849 4011 24-38:
875 3943 914 4011 de
938 3931 1090 4032 dogmate
1108 3946 1252 4012 Platonis
1275 3945 1349 4011 libri
1365 3945 1428 4013 III.

588 4051 624 4138 4)
650 4052 673 4117 f.
694 4051 851 4116 39-50:
875 4049 915 4115 de
938 4050 1056 4135 mundo
1078 4051 1170 4118 liber.

590 4155 624 4245 5)
648 4157 671 4222 f.
694 4157 901 4222 51-146a:
923 4157 1224 4245 metamorphoseon
1247 4155 1320 4223 libri
1341 4155 1403 4222 XI.

566 4264 606 4330 In
636 4263 700 4328 fine
729 4271 819 4328 extat
845 4263 926 4327 haec
950 4263 1156 4351 subscriptio:
1185 4266 1267 4347 <Epo
1290 4265 1453 4327 Sallustius
1475 4265 1533 4345 lepi
1554 4272 1583 4327 et

478 4372 633 4436 mendaci
652 4371 766 4434 Romae
778 4370 889 4452 felice
926 4377 996 4434 tum
1018 4369 1192 4435 maioribus
1215 4368 1316 4434 literis
1338 4368 1455 4456 partim
1475 4368 1580 4433 rubris

478 4475 595 4566 partim
623 4473 725 4560 nigris
751 4474 851 4542 haece
875 4474 1037 4562 adscripta
1061 4483 1149 4540 sunt:
1178 4477 1317 4558 ‹Apulcii
1339 4475 1486 4539 Platonici
1508 4476 1580 4537 Ma-
