3867 5559
546 1406 803 1523 lOSEPHl
834 1403 1005 1521 usu
1037 1403 1373 1524 sonticum

794 1575 1124 1653 umnulrrouus

406 1716 464 1788 EX
496 1714 694 1788 EDITIONE
727 1713 849 1791 ullu
881 1711 1037 1787 ulovu'l
1065 1712 1253 1790 VVLGANI
1283 1715 1511 1792 suovburu

830 1848 1080 1923 EXOERPTAE

487 2091 555 2150 pop.
572 2073 601 2145 6,
619 2073 653 2131 5:
669 2071 823 2132 admittant
852 2072 881 2145 9,
900 2071 1018 2146 18-10,
1038 2069 1089 2131 12:
1106 2089 1208 2132 versus
1223 2047 1332 2153 Apulei,
1348 2094 1418 2154 quos
1429 2045 1509 2157 post-

407 2173 459 2233 loo
472 2177 552 2233 omui
561 2192 598 2233 ec
608 2183 692 2252 porte
702 2182 778 2232 recte
789 2174 903 2250 diposui
912 2172 1059 2247 Pricaeus,
1073 2171 1204 2252 Stoliper
1215 2174 1418 2237 Cosoubouum
1429 2197 1508 2240 socu-

407 2285 452 2334 tus
466 2273 519 2336 bor
534 2276 617 2336 modo
634 2276 785 2353 disposuit:

648 2373 862 2454 Calpburniaue
878 2373 958 2434 salue
972 2375 1106 2454 properis
1121 2376 1265 2448 uersibus,

648 2475 716 2537 misi
729 2481 763 2536 ut
777 2475 876 2554 petisti
890 2475 1074 2538 mundicinas
1089 2478 1221 2540 dentium

648 2578 751 2638 nitelas
768 2576 827 2637 oris
843 2595 878 2637 ex
892 2576 1022 2639 Arabicis
1036 2577 1180 2659 frugibus.

408 2680 478 2752 (nisi
498 2681 574 2740 forte
599 2679 628 2738 in
654 2697 688 2737 eo
708 2677 965 2756 reprehendendus
991 2697 1073 2752 sum,
1100 2680 1178 2758 quod
1204 2682 1418 2762 Calpburuiano
1443 2688 1510 2765 pul-

407 2782 553 2841 uisculum
568 2800 602 2841 ox
617 2777 745 2840 Arabicis
760 2778 893 2858 frugibus
909 2779 1054 2840 miserim:
1076 2800 1163 2860 quem
1185 2784 1277 2845 multo
1299 2786 1419 2866 aequius
1438 2795 1509 2857 orat,

407 2882 597 2962 spurcissimo
613 2880 672 2941 ritu
686 2879 873 2955 Hiberorum,
888 2888 922 2942 ut
937 2880 977 2941 ait
992 2882 1131 2958 Catullus,

874 3019 880 3023 --
971 3001 1023 3045 sua
1039 2984 1093 3045 sibi
1108 2985 1191 3047 urina

607 3084 723 3144 dentem
739 3090 824 3162 atque
838 3100 955 3144 russam
970 3085 1119 3164 pumicare
1134 3087 1303 3168 gingiuam.)
1427 3123 1430 3128 -
1506 3081 1507 3084 ’
1617 3066 1622 3078 ’

606 3194 735 3258 tenuem,
750 3184 932 3259 candilicum,
947 3184 1076 3247 nobilem
1089 3187 1297 3267 puluisculum,

607 3288 856 3367 complanatorem
870 3286 1031 3348 tumidulae
1046 3287 1219 3367 gingiuulae‚
1342 3280 1344 3284 '

606 3388 839 3471 conuerritorem
853 3386 1002 3467 pridianae
1015 3388 1166 3469 reliquiae:

604 3499 642 3552 ue
657 3507 714 3570 qua
728 3491 842 3552 uisatur
855 3495 930 3550 tetra
940 3488 1020 3551 labes
1035 3490 1178 3566 sordium,

604 3592 744 3655 restrictis
758 3592 835 3653 forte
850 3590 875 3652 si
888 3591 1000 3654 labellis
1014 3593 1122 3655 riseris.
1634 3649 1637 3653 .

408 3713 516 3773 quaeso
537 3694 606 3773 quid
624 3695 733 3755 babent
751 3693 799 3754 isti
817 3710 923 3754 uersus
942 3731 1095 3739 ——--
1115 3695 1230 3758 uideri?
1278 3700 1324 3767 tu,
1349 3700 1401 3759 17:
1426 3699 1508 3760 fecu—
1633 3738 1636 3744 -

408 3799 517 3856 lentum
566 3797 613 3869 11,
632 3796 685 3857 16:
700 3793 863 3857 foeculiniis
910 3793 958 3865 14,
975 3793 1076 3855 5-1o:

550 3903 578 3956 et
593 3897 696 3958 Critias
710 3912 776 3956 mea
790 3894 890 3955 delicia
904 3900 933 3955 et
949 3895 1001 3954 Sol
1014 3895 1089 3957 alme
1105 3897 1237 3968 Charine,

606 4014 660 4078 par
674 3998 704 4059 iu
718 4013 819 4058 amore
832 4014 899 4058 meo
915 3996 976 4057 uita
989 3996 1042 4057 tibi
1056 4006 1195 4061 remanet.

549 4116 586 4159 uc
600 4107 723 4172 metuas,
739 4117 777 4161 ne
790 4116 839 4159 me
853 4097 928 4176 ignis
943 4105 973 4158 ct
985 4098 1061 4177 ignis
1076 4105 1186 4162 torreat
1200 4110 1233 4164 ut
1247 4103 1325 4165 uult:
1338 4106 1364 4179 ¹)

412 4253 706 4263 --Μ’-

407 4352 475 4404 doit.
489 4353 518 4405 V
517 4352 598 4403 ulem.
610 4356 706 4420 primo:

444 4434 466 4493 l)
484 4441 510 4484 ct
522 4432 615 4483 Critias
628 4447 683 4482 nea
695 4432 784 4483 delicia
797 4432 831 4485 sit
844 4433 915 4485 salua
928 4432 1044 4497 Charine,
1061 4433 1065 4501 Ι
1080 4449 1129 4500 pax
1139 4435 1167 4484 in
1179 4450 1265 4486 amore
1274 4451 1330 4487 mco
1343 4435 1394 4487 uita
1407 4437 1453 4487 tibi
1465 4452 1507 4486 re-

484 4513 595 4580 nouata!
611 4528 641 4563 nc
653 4521 758 4565 metuas.
783 4529 839 4564 uam
851 4529 889 4564 me
903 4514 966 4577 iguis
979 4522 1005 4565 et
1018 4515 1081 4579 ignis
1094 4522 1193 4568 torreat
1204 4523 1232 4567 ut
1244 4517 1311 4566 uult:

1309 4600 1341 4651 8*
