3867 5559
448 733 504 797 38·
795 727 823 778 u.
842 725 964 781 1111111
982 725 1218 779 1111111111
1530 794 1533 800 .

306 817 323 859 1.
331 819 394 860 uno.
408 819 425 859 1.
433 819 466 859 81.
1473 813 1515 853 nd.
1526 813 1630 855 ouuoud.

349 961 355 973 .
457 890 638 964 quantaeque
654 881 778 944 diuidiae
792 881 864 943 brit:
879 881 947 942 inde
958 880 1056 940 omnis
1067 881 1188 942 huiusce
1200 881 1392 943 accusationis
1408 880 1560 942 obeundae

456 986 500 1046 ira
515 992 544 1047 et
557 986 652 1047 rabies
667 992 696 1045 et
711 984 835 1063 denique
850 983 962 1044 insania
977 988 1083 1052 exorta,
1092 988 1146 1043 est.
1178 1000 1251 1061 quae
1266 985 1291 1045 si
1306 983 1405 1045 omnia
1419 982 1516 1061 palam
1531 988 1561 1043 ct

458 1086 582 1148 dilucide
597 1087 764 1158 ostendero,
784 1091 856 1146 tuuc
875 1085 1000 1164 denique
1019 1090 1057 1157 te,
1077 1084 1177 1146 Claudi
1191 1085 1324 1169 Mauime,
1345 1092 1374 1146 et
1393 1083 1490 1145 omnis·
1511 1084 1560 1163 qui

457 1187 564 1249 adsunt
578 1188 773 1262 contestabor,
789 1182 802 1271 ΙΙ
817 1203 942 1266 puerum
956 1186 1039 1246 illum
1056 1186 1196 1248 Sicinium
1210 1187 1373 1248 Pudentem
1392 1185 1560 1266 priuignum

456 1308 566 1364 meum,
581 1290 665 1351 1111111
680 1289 802 1350 obtentu
817 1295 846 1348 et
859 1289 1010 1349 uoluntate
1024 1304 1040 1347 a
1055 1295 1160 1367 patruo
1172 1289 1234 1349 eius
1246 1307 1377 1362 accusor,
1391 1287 1561 1366 nuperrime
1582 1299 1597 1348 5

456 1408 544 1453 curae
569 1409 651 1453 meae
676 1397 824 1470 ereptum,
848 1395 1007 1470 postquam
1027 1388 1121 1450 -lrater
1144 1389 1207 1450 eius
1233 1386 1236 1472 1
1261 1390 1422 1452 Pontianus
1443 1395 1472 1449 et
1490 1395 1562 1450 natu

456 1494 551 1555 maior
565 1500 595 1555 et
609 1492 742 1554 moribus
756 1491 862 1552 melior
876 1491 953 1552 diem
969 1508 1057 1552 suurn
1073 1490 1153 1564 obiit,
1170 1497 1256 1572 atque
1271 1492 1311 1553 ita
1331 1492 1362 1552 in
1381 1510 1429 1553 me
1448 1509 1482 1551 ac
1496 1508 1561 1551 ma·

455 1601 531 1656 trem
553 1612 636 1656 suurn
655 1593 764 1655 nelarie
779 1595 941 1677 efferatum,
969 1608 1031 1653 non
1049 1611 1115 1653 mea
1135 1594 1228 1673 culpa,
1252 1593 1375 1656 desertis
1393 1593 1561 1685 liberalibus

455 1696 559 1758 studiis
574 1714 608 1757 ac
622 1695 772 1777 repudiata
787 1695 867 1756 omni
879 1694 1039 1773 disciplina,
1055 1695 1184 1756 scelestis
1200 1695 1392 1757 accusationis
1405 1695 1494 1756 huius
1508 1713 1561 1756 ru·

457 1798 593 1859 dimentis
607 1803 712 1878 patruo
723 1796 883 1859 Aemiliano
899 1795 998 1875 potius
1014 1813 1102 1875 quam
1116 1797 1199 1858 fratri
1213 1797 1357 1859 Pontiano
1373 1797 1500 1858 similem
1511 1796 1561 1859 iu-
1583 1804 1614 1855 10

456 1906 568 1962 turum.
1216 1917 1220 1928 ’

323 2017 443 2072 xxvllll
544 2000 637 2075 Nunc,
653 2007 687 2061 ut
701 2000 822 2073 institui,
838 1999 1007 2078 proficiscar
1028 1999 1064 2060 ad
1085 2000 1183 2061 omnia
1197 2000 1349 2062 Aemiliani
1367 2001 1490 2062 huiusce
1509 2001 1562 2062 de·

455 2101 618 2177 liramenta,
635 2120 721 2162 orsus
736 2101 772 2162 ab
788 2119 823 2162 ec
839 2086 919 2180 quod
934 2101 970 2161 ad
985 2100 1178 2180 suspitionem
1193 2103 1304 2181 magiae
1319 2103 1402 2183 quasi
1416 2102 1561 2164 ualidissi-
1639 2174 1644 2182 κ

456 2220 541 2264 mum
555 2202 586 2262 in
600 2203 743 2284 principio
759 2203 815 2265 dici
830 2201 1071 2275 animaduertisti,
1092 2204 1233 2265 nonnulla
1244 2223 1292 2264 me
1311 2204 1436 2285 piscium
1457 2220 1562 2283 genera

456 2321 510 2385 per
524 2304 668 2382 quosdam
687 2305 847 2384 piscatores
867 2305 961 2384 pretio
977 2304 1136 2382 quaesisse.
1166 2313 1268 2367 utrum
1289 2306 1377 2385 igitur
1395 2306 1505 2367 horum
1525 2306 1561 2366 ad
1583 2318 1615 2368 15

457 2406 683 2484 suspectandam
697 2406 823 2486 magiam
838 2403 937 2467 ualet?
953 2405 1071 2484 quodne
1085 2406 1246 2486 piscatores
1261 2407 1332 2468 mihi
1347 2407 1458 2488 piscem
1472 2424 1563 2486 quae-

457 2504 593 2568 sierunt?
609 2507 718 2568 scilicet
732 2524 802 2587 ergo
814 2507 1024 2588 phrygionibus
1040 2512 1090 2568 aut
1109 2507 1199 2569 labris
1220 2510 1370 2588 negotium
1390 2509 1468 2570 istud
1489 2509 1562 2570 dan-

457 2609 529 2670 dum
547 2609 649 2682 luisse,
669 2615 755 2688 atque
769 2610 810 2670 ita
825 2627 913 2689 opera
927 2608 1070 2688 cuiusque
1089 2610 1159 2671 artis
1182 2611 1388 2689 permutanda,
1409 2611 1435 2672 si
1455 2610 1562 2672 uellem

455 2710 609 2772 calumniis
624 2710 731 2772 uestris
746 2710 847 2786 uitare,
863 2717 897 2773 ut
910 2711 993 2772 faber
1007 2710 1078 2772 mihi
1092 2711 1203 2790 piscem
1218 2718 1376 2786 enarraret,
1391 2718 1425 2773 ut
1434 2712 1563 2791 piscator

457 2818 562 2874 mutuo
587 2812 699 2890 lignum
719 2812 877 2875 dedolaret.
914 2829 955 2880 ,an
980 2830 1015 2873 ex
1041 2831 1076 2875 eo
1101 2812 1281 2875 intellexistis
1297 2813 1439 2876 malelicio
1462 2814 1562 2893 quaeri
1582 2825 1616 2877 20

457 2913 629 2993 pisciculos,
650 2912 730 2990 quod
750 2913 844 2992 pretio
867 2912 1103 2993 quaerebantur?
1129 2914 1228 2989 credo,
1249 2915 1274 2975 si
1292 2914 1430 2976 conuiuio
1445 2916 1561 2990 uellam,

457 3015 546 3094 gratis
563 3014 751 3092 quaesissem.
769 3014 853 3094 quin
866 3015 955 3094 igitur
969 3015 1057 3076 etiam
1072 3034 1107 3076 ex
1121 3016 1184 3078 aliis
1195 3017 1342 3096 plerisque
1356 3035 1404 3077 me
1418 3014 1561 3096 arguitis?

458 3133 528 3177 narn
553 3133 639 3196 saepe
658 3132 783 3178 numero
806 3124 836 3177 et
850 3117 954 3178 uiuum
969 3123 999 3178 et
1020 3117 1085 3179 olus
1104 3124 1134 3179 et
1148 3135 1270 3198 pomum
1291 3126 1321 3180 et
1338 3135 1446 3199 panem
1465 3119 1560 3198 pretio

458 3218 580 3280 mutaui.
614 3236 650 3278 eo
674 3224 759 3298 pacto
784 3219 1000 3299 cuppedinariis
1026 3220 1165 3282 omuibus
1185 3221 1294 3282 lumem
1313 3219 1453 3282 decernis.
1495 3221 1561 3300 quis

458 3319 537 3381 enim
558 3320 593 3380 ab
612 3319 667 3380 illis
688 3319 833 3381 obsonare
851 3321 983 3394 audebit,
1003 3322 1027 3382 si
1046 3322 1165 3402 quidem
1180 3322 1326 3397 statuitur,
1347 3321 1446 3383 omnia
1465 3321 1560 3383 edulia
1574 3303 1616 3422 (²⁵

459 3438 533 3499 quae
548 3421 677 3501 depenso
691 3429 833 3500 parantur
846 3439 909 3484 non
918 3439 1022 3498 cenae,
1043 3424 1094 3485 sed
1113 3425 1225 3504 magiae
1239 3421 1419 3488 desiderari?
1439 3422 1518 3502 quod
1537 3423 1562 3484 si

459 3521 532 3583 nibil
547 3528 679 3584 remanet
698 3523 879 3603 suspitionis,
895 3541 991 3604 neque
1010 3526 1041 3587 in
1056 3525 1251 3606 piscatoribus
1278 3525 1413 3588 mercede
1432 3525 1562 3587 inuitatis

527 3870 538 3918 l
561 3868 669 3920 inuidiae
689 3867 767 3921 luerit
787 3887 804 3921 1
835 3869 846 3938 l
879 3869 1015 3936 beriptum
1027 3871 1056 3935 F,
1078 3877 1559 3944 1111111111φ111111113111111111111111.
1651 3908 1661 3927 .

457 4004 476 4054 1.
489 3960 504 4054 g
515 4004 632 4068 erutum),
645 4011 759 4069 ereptum
770 4019 787 4053 1
810 4001 820 4070 ΙΙ
846 4005 877 4054 13
890 4004 1056 4070 suspicionem
1066 4007 1119 4076 qu,
1134 4007 1296 4073 suspitionem
1306 4025 1324 4061 1
1347 4006 1358 4078 ΙΙ
1380 3972 1411 4064 111
1423 3977 1508 4078 precio
1521 4025 1539 4061 1
1554 4009 1563 4078 ll

459 4084 490 4134 11
502 4082 672 4150 phrigiouibus
685 4083 738 4147 FV,
755 4084 912 4152 bygiouibns
928 4102 951 4153 φ
975 4084 985 4153 ΙΙ
1016 4087 1047 4137 18
1063 4084 1154 4139 fuisset
1169 4086 1311 4141 Groslctim
1336 4089 1345 4159 ΙΙ
1376 4092 1407 4142 19
1423 4091 1561 4143 calumnias

456 4198 510 4268 uris
522 4218 552 4282 P,
566 4216 713 4284 calumpniis
725 4217 854 4287 castriso
882 4219 892 4289 11
916 4221 949 4271 10
965 4178 1087 4272 1111111111
1111 4217 1122 4288 ΙΙ
1151 4223 1180 4272 21
1200 4223 1286 4288 precio
1299 4240 1316 4274 1
1343 4222 1353 4292 ll
1378 4223 1532 4293 131111111φ
1558 4222 1563 4291 Ι

457 4315 540 4433 pon.³
554 4367 584 4432 F,
596 4385 678 4435 pour..
692 4387 716 4438 φ
742 4365 747 4434 Ι
772 4340 887 4434 1111111
909 4370 920 4440 ll
941 4373 975 4423 14
986 4373 1151 4441 cupidinariis
1164 4390 1187 4441 φ
1198 4375 1225 4424 tn
1236 4389 1332 4428 rasura
1354 4373 1365 4443 11
1393 4374 1560 4441 1611111111

456 4465 480 4516 φ
505 4446 510 4513 Ι
538 4463 630 4500 coemo
642 4466 660 4501 1
685 4450 689 4517 Ι
716 4451 838 4505 destinari
849 4451 959 4504 Fuluius
982 4450 993 4521 11
1016 4452 1172 4522 1111111111φ
1191 4451 1196 4520 1
1212 4456 1362 4523 suspicionis
1374 4457 1437 4524 Flos
1457 4453 1461 4522 Ι
1481 4469 1559 4507 merc.

457 4530 681 4602 11111111
