3867 5559
479 729 539 793 106
826 727 855 780 L.
874 727 996 782 arvus!
1014 725 1250 781 mavultbsu
1364 801 1370 814 .

328 813 415 856 crass
430 813 500 855 anau
1254 828 1256 831 ·
1491 811 1534 853 na
1549 811 1658 856 caussa.

477 884 553 945 fecte
577 883 724 957 absoluta,
749 888 784 944 ut
808 882 839 944 in
863 882 1026 963 illoneque
1045 882 1116 944 Cato
1141 881 1311 962 gemerem
1334 878 1464 961 requirat
1487 897 1586 961 neque

477 983 593 1046 Laelius
608 983 756 1046 temtatem
770 1001 866 1064 neque
880 985 1029 1047 Gracchus
1043 985 1187 1065 impetum
1201 1001 1256 1045 nec
1266 983 1372 1046 Caesar
1385 983 1515 1045 odorem
1528 999 1586 1045 nec

479 1084 655 1154 Hortensius
682 1085 917 1148 distributionem
941 1104 996 1149 neo
1016 1087 1123 1149 Caluus
1148 1085 1275 1165 argutias
1298 1101 1354 1146 nec
1371 1083 1585 1166 parsimoniam

482 1185 626 1248 Salustius
642 1204 696 1248 neo
711 1187 890 1268 opulentiam
900 1188 1015 1251 Cicero:
1031 1207 1165 1270 prorsus,
1179 1189 1308 1268 mam,
1323 1203 1362 1248 ne
1373 1187 1470 1248 omnis
1480 1205 1586 1267 perse·

411 1305 417 1317 ’
481 1305 563 1369 quar,
580 1287 605 1348 si
618 1286 740 1351 Auitum
754 1287 865 1362 audias,
885 1305 981 1369 neque
995 1291 1126 1352 additum
1148 1289 1303 1370 quicquam
1322 1287 1397 1352 uelis
1415 1305 1511 1369 neque
1529 1289 1623 1369 de-‚b

482 1395 609 1453 tractum
623 1407 718 1470 neque
733 1397 831 1452 autem
845 1390 953 1470 aliquid
967 1398 1192 1455 commutatum.

563 1491 663 1565 Video,
678 1493 810 1566 llarime,
827 1510 915 1572 quam
929 1492 1054 1573 benigne
1068 1494 1178 1568 audias,
1194 1491 1313 1573 quaein
1322 1492 1417 1555 amico
1432 1500 1485 1556 tuo
1495 1491 1585 1555 amco

480 1593 675 1674 recognoscis.
704 1601 755 1656 tua
769 1613 818 1656 me
831 1593 969 1668 comitm,
984 1602 1018 1656 ut
1036 1597 1084 1658 uel
1098 1591 1207 1682 paulice
1221 1594 1348 1656 dicerem
1363 1595 1400 1657 de
1414 1613 1460 1669 eo,
1475 1595 1585 1657 inuita·

480 1696 532 1758 uit.
561 1702 591 1756 at
605 1703 667 1757 non
680 1715 774 1777 nsque
788 1697 860 1759 adeo
875 1702 943 1759 tuae
956 1696 1176 1760 beneuolentiae
1190 1697 1357 1778 indulgebo,
1378 1703 1413 1760 ut
1426 1696 1499 1758 mibi
1512 1714 1586 1778 per·

480 1797 595 1859 mittam
609 1797 667 1859 iam
681 1798 898 1880 propemodum
912 1798 994 1860 fesso
1009 1800 1040 1860 in
1054 1818 1141 1862 causa
1154 1817 1278 1881 prorsus
1293 1798 1328 1860 ad
1343 1799 1432 1861 linem
1447 1797 1585 1860 inclinata
1608 1809 1639 1861 tt

480 1899 516 1960 de
536 1899 657 1980 egregiis
671 1900 830 1962 uirtutibus
850 1900 913 1963 eius
934 1917 1015 1962 nuno
1029 1901 1149 1964 demum
1163 1901 1304 1982 incipere,
1325 1901 1395 1981 quin
1414 1900 1514 1981 potius
1534 1917 1585 1962 eas

306 2012 470 2066 Lxxxxvl
481 2002 601 2082 integris
615 2001 728 2064 uiribus
742 2007 772 2062 ct
785 2002 912 2081 tempori
924 2002 1016 2065 libero
1038 2022 1164 2066 seruam.
1197 2020 1277 2064 nunc
1295 2003 1373 2064 enim
1394 2002 1477 2076 mihi,
1504 2003 1586 2082 quod

479 2120 564 2182 aegre
577 2103 652 2177 fero,
668 2123 684 2164 a
698 2105 979 2167 commemoratione
997 2105 1070 2168 tanti
1090 2106 1147 2169 uiri
1162 2105 1198 2166 ad
1212 2110 1310 2186 pestes
1330 2104 1402 2166 istas
1421 2103 1514 2167 oratio
1534 2121 1586 2166 re·

481 2205 628 2267 uoluendo
642 2211 695 2266 est.

567 2306 703 2369 Audesne
722 2324 793 2389 ergo
814 2314 858 2384 te,
878 2308 1053 2384 Aemiliane,
1076 2327 1145 2372 oum
1163 2308 1250 2371 Auito
1271 2304 1428 2371 conferre?
1458 2324 1586 2389 qircmne
1607 2317 1638 2377 '15

481 2409 656 2475 illebonam
670 2410 769 2472 uirum
783 2410 832 2486 ait,
847 2411 930 2474 auius
945 2402 1035 2474 animi
1054 2411 1320 2492 ¹disputationem²
1335 2415 1397 2472 tarn
1415 2410 1500 2491 plene
1522 2409 1586 2472 suis

480 2514 572 2576 literis
586 2512 740 2587 collaudat,
756 2531 824 2574 eum
838 2519 872 2575 tu
885 2513 997 2595 magiae
1010 2523 1038 2576 et
1050 2513 1182 2575 maleficii
1196 2511 1367 2576 criminibus
1380 2509 1585 2574 insectabere?
1599 2531 1654 2588 (aaa)

482 2632 521 2677 an
539 2614 682 2676 inuasisse
701 2632 749 2675 me
773 2613 897 2676 domum
921 2614 1101 2677 Pudentillae
1125 2621 1154 2675 et
1172 2614 1347 2695 concipilare
1366 2614 1444 2676 bona
1469 2614 1533 2676 eius
1551 2622 1586 2677 tu

482 2716 575 2798 magis
590 2716 689 2777 dolere
703 2714 801 2791 debes,
817 2735 905 2797 quam
920 2717 1063 2780 doluisset
1075 2714 1247 2790 Pontianus,
1264 2714 1314 2796 qui
1328 2715 1400 2778 milri
1419 2715 1457 2777 ob
1472 2733 1586 2795 pauco·

481 2836 550 2881 rum
565 2817 679 2879 dierum
692 2824 794 2879 uestro
810 2819 918 2882 scilieet
931 2819 1073 2881 instinctu
1087 2823 1167 2879 ortas
1181 2817 1344 2880 simultates
1363 2817 1450 2878 etiam
1472 2815 1586 2879 absenti
1607 2835 1639 2887 20

482 2918 560 3001 apud
575 2917 696 2980 Auitum
711 2918 859 2994 satisfecit,
875 2920 925 3000 qui
939 2919 1012 2981 mibi
1027 2919 1104 3000 apud
1122 2925 1237 2980 tantum
1256 2918 1356 2981 uirum
1376 2919 1482 3000 gratias
1502 2915 1585 3000 egit?

482 3028 553 3104 puta
563 3038 612 3082 me
623 3025 685 3082 acta
695 3020 772 3101 apud
782 3018 913 3096 Auitum,
924 3038 986 3082 non
996 3021 1093 3084 literas
1103 3021 1196 3102 ipsius
1206 3021 1320 3102 legisse.
1341 3018 1587 3102 quiutpossesaa

482 3124 530 3186 uel
547 3121 721 3204 quisquilias
735 3122 767 3184 in
779 3122 836 3184 isto
852 3123 970 3204 negotio
985 3120 1144 3186 accusare?
1171 3123 1332 3186 Pontianus
1352 3118 1357 3209 l
1375 3123 1453 3204 ipse,
1474 3126 1587 3205 quoda

482 3232 576 3288 matre
587 3224 730 3286 donatum
742 3231 902 3305 acceperat,
916 3245 983 3288 meo
999 3226 1114 3290 muneri
1128 3234 1279 3306 acceptum
1288 3226 1410 3301 ferebat,
1424 3225 1587 3291 Pontianus

483 3347 531 3391 me
545 3327 684 3390 uitricum
703 3326 759 3390 sibi
783 3326 939 3408 contigisse
959 3328 1070 3390 intimis
1091 3328 1292 3390 allectionibus
1307 3328 1474 3393 laetabatur.
1505 3329 1586 3408 quod
1606 3351 1639 3402 25

482 3429 596 3492 utinam
609 3427 764 3490 incolumis
779 3428 950 3510 Carthagine
961 3428 1144 3493 reuertisset!
1166 3430 1224 3505 uel,
1240 3430 1379 3510 quoniam
1394 3430 1436 3492 sic
1449 3429 1476 3491 ei
1489 3429 1588 3493 fuerat

551 3628 762 3701 acroama}
791 3630 958 3683 acronius
971 3630 1041 3700 PapV
1065 3630 1076 3701 ΙΙ
1103 3631 1341 3702 dsalnstinstV
1376 3629 1382 3700 Ι
1416 3631 1516 3700 inquam
1526 3630 1585 3685 Sul·

482 3715 596 3766 maaian
614 3713 640 3764 in
651 3727 700 3780 qna
711 3710 774 3782 upa
796 3708 802 3779 1
826 3712 908 3766 omnia
918 3711 1123 3767 Blmeabarata'ue
1143 3711 1154 3783 11
1175 3714 1365 3782 ereoognosois
1378 3730 1398 3781 ς,
1414 3728 1585 3778 recognoscas

483 3849 552 3920 rav
575 3847 586 3918 p
614 3846 861 3900 ananienses
884 3844 894 3916 p
919 3847 950 3900 12
965 3847 1023 3899 nna
1040 3847 1219 3919 anniacus
1247 3847 1257 3917 p
1280 3824 1384 3914 roella
1397 3823 1423 3902 t
1435 3849 1466 3914 r,
1483 3855 1510 3901 a
1523 3862 1586 3915 saga

483 3947 523 4000 φν
543 3928 554 3998 Ι
578 3930 610 3980 16
621 3928 698 3980 animi
708 3927 756 3994 rv,
774 3936 802 3981 nt
816 3945 852 3999 ap:
870 3928 963 3981 Auitus
980 3930 1146 3983 casaubonus
1172 3928 1177 3998 Ι
1202 3929 1405 3996 disputationem]
1421 3934 1587 3999 corruptura:

484 4010 674 4077 dispositionem
685 4011 798 4079 Fuluius,
815 4009 925 4076 (Auitus)
938 4009 1086 4078 discipliuae
1098 4012 1222 4063 rationem
1233 4010 1386 4080 menapios,
1404 4010 1587 4078 disciplinatio·

483 4107 539 4144 nam
550 4091 745 4144 Hlldabrmde'us
767 4089 778 4160 {l
803 4091 834 4143 ll
846 4091 942 4144 litteris
953 4109 971 4146 v
995 4090 1003 4160 Ι
1028 4109 1119 4161 anmv,
1132 4106 1188 4144 cnm
1200 4091 1246 4160 Frp
1270 4089 1276 4158 Ι
1301 4097 1349 4145 aut
1362 4092 1459 4157 meuse
1473 4095 1522 4144 arat
1532 4106 1587 4144 ma-

483 4173 561 4225 leficii
576 4172 710 4226 ddeadatm
725 4189 783 4224 aare
798 4176 944 4242 auspicatus
956 4178 996 4226 eet
1006 4173 1139 4239 Praedator,
1157 4179 1184 4224 et
1194 4170 1295 4224 addidit
1303 4173 1418 4226 Bosaclau
1441 4168 1448 4240 1
1473 4172 1587 4226 armist-

483 4255 531 4307 bus
542 4255 668 4308 borealea:
682 4253 793 4306 oriminis
804 4253 868 4322 Ppr
890 4253 901 4323 l
926 4255 957 4307 18
971 4254 1090 4322 alipilum
1105 4255 1136 4320 P,
1149 4252 1285 4320 compilare
1298 4268 1312 4311 ς
1328 4251 1345 4322 ‘fl
1369 4254 1400 4307 19
1413 4253 1455 4324 qui
1464 4253 1525 4308 nint
1536 4270 1588 4324 φν,

485 4423 509 4439 ..
523 4335 569 4453 uir
585 4387 677 4440 rnilrill
701 4385 712 4456 ΙΙ
735 4387 882 4441 illitterus
898 4407 916 4444 v
945 4391 951 4460 Ι
981 4391 1056 4460 guidi
1073 4402 1195 4456 possesne
1211 4389 1318 4459 scripsi:
1337 4388 1396 4457 qnid
1412 4401 1589 4455 posses-nc·

484 4470 591 4522 emeret
608 4469 685 4536 uulgo
716 4466 728 4538 Ι
758 4469 792 4522 23
812 4469 959 4539 quisquibas
975 4473 1082 4540 scriptia
1103 4483 1166 4537 quaa
1186 4470 1242 4539 quis
1257 4469 1332 4541 Papa:
1351 4485 1414 4539 qnos
1426 4469 1512 4540 quires
1526 4467 1588 4524 Ste-

483 4552 602 4619 aecada‘us‚
619 4550 732 4619 wagris
745 4551 843 4608 camos
867 4551 880 4627 Ι
903 4553 936 4610 25
947 4551 1066 4610 uitricum
1078 4551 1134 4627 au,
1145 4550 1297 4612 nieuw
1320 4551 1333 4628 Ι
