3867 5559
843 758 1013 812 monente

290 843 334 885 Ed.
350 844 452 887 octena.

461 911 599 987 carmina,
614 913 667 986 uti,
683 911 780 986 Critia,
796 913 847 974 lux
860 913 932 973 haec
947 918 1046 993 optata
1060 917 1190 987 canatur,

525 1032 599 1093 quae
612 1014 659 1075 bis
673 1022 795 1095 septeno
810 1032 880 1076 uere
893 1014 948 1076 tibi
961 1021 1088 1077 remeat:

461 1121 540 1178 serta
553 1122 661 1189 autem,
676 1122 710 1177 ut
723 1116 799 1178 laeto
813 1116 868 1178 tibi
882 1122 1166 1197 temporetempore
1181 1123 1315 1192 nomem,

526 1217 626 1279 aetatis
640 1218 746 1279 florem
759 1218 882 1281 floribus
897 1226 931 1282 ut
945 1218 1076 1280 decores.

462 1325 495 1383 tu
509 1320 582 1382 mihi
597 1320 647 1382 des
662 1326 765 1382 contra
779 1339 835 1401 pro
846 1339 940 1383 uerno
955 1321 1029 1384 flore
1042 1317 1129 1383 tuum
1144 1339 1207 1397 uer,

525 1428 560 1485 ut
572 1429 675 1485 nostra
689 1441 830 1502 exuperes
846 1441 971 1485 munera
985 1424 1167 1486 muneribus.

460 1539 515 1602 pro
529 1524 663 1605 implexis
679 1525 765 1586 sertis
781 1526 969 1606 complexum
983 1544 1108 1606 corpore
1122 1525 1220 1601 redde,

524 1644 638 1707 proque
652 1626 729 1689 rosis
745 1627 805 1689 oris
821 1628 901 1690 sauia
915 1628 1067 1708 purpurei.

292 1747 351 1800 (eoa)
414 1782 417 1786 ,
464 1727 583 1807 quodsi
597 1728 729 1790 animum
743 1729 879 1811 inspires,
896 1730 975 1793 dona
989 1736 1018 1792 et
1031 1730 1090 1792 iam
1105 1730 1243 1793 carmina.
1274 1737 1376 1792 nostra

485 1835 487 1838 ’
528 1830 789 1893 cedentnictatuo
805 1827 973 1913 dulciloquo
990 1833 1112 1895 calamo.
1453 1824 1454 1828 ¹

447 1929 543 1993 Habes
559 1933 671 1995 crimen
685 1953 800 2008 meum,
818 1935 957 2009 Maxime,
974 1935 1056 2014 quasi
1069 1934 1198 2015 improbi
1213 1934 1413 1997 comissaton's
1434 1933 1469 1995 de
1493 1948 1517 1999 x

363 2031 448 2092 sertis
469 2039 499 2094 et
517 2034 637 2096 canticis
657 2037 866 2115 compositum.
896 2037 944 2098 bic
957 2036 1029 2098 illud
1044 2035 1132 2098 etiam
1146 2037 1320 2117 reprehendi
1334 2035 1468 2098 animad-

364 2127 494 2206 luertisti,
510 2131 599 2211 quod,
615 2151 684 2194 cum
699 2133 760 2194 aliis
775 2134 947 2195 nominibus
962 2134 1047 2213 pueri
1061 2141 1216 2209 nocentur,
1233 2153 1286 2213 ego
1302 2152 1354 2195 eos
1366 2133 1468 2196 Chari-

362 2249 435 2293 num
450 2228 463 2316 11
479 2240 508 2294 et
522 2233 641 2295 Critiam
656 2235 856 2314 appellitarim.
887 2235 990 2296 eadem
1003 2235 1093 2314 igitur
1107 2253 1196 2317 opera
1210 2241 1349 2297 recusent
1362 2234 1393 2296 C.
1410 2235 1465 2296 Ca·
1492 2253 1582 2296 c1oes.

312 2350 344 2401 15
361 2335 477 2409 tullum,
498 2334 578 2413 quod
590 2335 726 2397 Lesbiam
740 2355 795 2417 pro
817 2337 917 2398 Clodia
934 2336 1108 2410 nominarit,
1129 2342 1159 2397 et
1177 2336 1307 2397 Ticidam
1328 2335 1470 2408 similiter,

364 2436 458 2514 qnod,
482 2454 555 2515 quae
574 2437 687 2497 Metella
707 2446 782 2511 erat,
808 2438 944 2499 Perillam
965 2438 1129 2519 scripserit,
1149 2444 1179 2499 et
1198 2437 1399 2518 Propertium,
1421 2437 1471 2516 qui

292 2558 351 2612 (coe)
366 2538 519 2618 Cynthiam
534 2538 618 2612 dicat,
634 2539 767 2600 Hostiam
782 2538 955 2614 dissimulet,
971 2547 1000 2601 et
1011 2539 1169 2614 Tibullum,
1185 2538 1265 2619 quod
1280 2540 1305 2600 ei
1321 2539 1359 2601 sit
1372 2539 1471 2600 Plania

364 2641 395 2702 in
409 2641 517 2713 animo,
537 2639 616 2700 Delia
635 2638 666 2702 in
680 2659 778 2703 uersu.
820 2641 987 2720 etquidem
1007 2641 1038 2704 C.
1059 2638 1212 2715 Lucidiim,
1234 2631 1412 2721 quamquam
1433 2642 1472 2702 sit

417 2908 530 2959 Zenone:
548 2900 606 2975 περί
622 2898 647 2965 ’ς’
668 2897 781 2974 {perucia
799 2902 934 2956 διειἋεκται
951 2892 1012 2957 uesci
1032 2893 1075 2967 triu
1093 2893 1174 2978 ἀρχὴν
1191 2899 1235 2971 τῆς
1255 2903 1417 2977 ἐπιγραφομέ-

418 3009 456 3054 νης
468 2981 580 3060 δρωτικῆς
591 2987 691 3060 τέχνης·
704 2975 777 3041 itti
788 2989 829 3040 acl
839 2989 862 3041 ἐν
874 2995 929 3049 ταῖς
937 2989 1089 3059 Διατριβαῖς
1100 2978 1133 3041 τοὶ
1144 2983 1307 3059 παραπλήσια
1321 2980 1418 3060 γράψει.

434 3263 446 3314 l
465 3262 559 3316 Critiae
577 3260 722 3316 Croalotier
741 3262 745 3329 1
766 3211 852 3329 digia
863 3262 896 3314 T:
915 3263 1181 3374 exoptantem&
1193 3269 1279 3329 aptate
1290 3262 1469 3316 colatanur-

1014 3343 1042 3372 au
1067 3342 1089 3372 m

364 3401 474 3438 mannus
481 3383 516 3452 112
528 3400 589 3436 nere
601 3384 658 3437 eir
671 3400 739 3437 corr.
750 3401 767 3437 a
777 3402 857 3438 mareu
868 3400 917 3436 rec.
926 3383 960 3452 113
973 3383 1012 3436 an’
1089 3382 1127 3452 Fi
1138 3385 1154 3435 5
1166 3385 1211 3435 des
1220 3386 1324 3453 scripsi:
1338 3384 1384 3435 das
1393 3383 1470 3454 rev,

366 3467 398 3517 da
412 3483 426 3524 ς
437 3465 447 3535 1
460 3467 612 3536 bexacqncs
624 3467 748 3520 rreum
764 3465 775 3536 11
787 3469 801 3518 'l
814 3467 896 3535 plexis
908 3466 1037 3518 Francius
1048 3463 1058 3534 1
1071 3465 1086 3515 8
1099 3465 1169 3516 sabia
1182 3465 1227 3518 TV
1242 3463 1280 3534 19
1293 3466 1377 3517 aulum
1392 3466 1471 3532 inspi-

365 3563 407 3598 res
418 3545 572 3612 Salmasius,
590 3549 696 3599 animam
707 3548 815 3614 inspires
829 3547 937 3613 Celsius,
949 3548 1029 3599 Amor
1046 3547 1153 3614 inspiret
1164 3547 1307 3599 Picrcenue
1322 3547 1326 3615 1
1346 3562 1401 3598 nam
1413 3547 1470 3599 TV:

363 3630 392 3679 in
404 3646 427 3697 φ
438 3633 480 3680 est
490 3643 585 3680 rasura
596 3633 656 3681 arrio
665 3630 713 3680 iam
727 3628 732 3696 1
745 3629 924 3698 portearmina
932 3631 1097 3697 interpunxit
1105 3628 1209 3698 Lipsius
1220 3625 1231 3696 11
1244 3630 1275 3681 10
1288 3630 1393 3692 calamo]
1406 3629 1472 3678 allo-

365 3709 422 3775 quio
436 3707 563 3816 Cetera?
575 3707 585 3777 1
599 3711 627 3761 11
643 3710 703 3760 abes
715 3726 732 3760 v
747 3709 752 3777 1
767 3724 866 3760 carmen
879 3711 908 3763 V
906 3709 1023 3762 ebetius
1038 3707 1042 3774 1
1058 3709 1217 3760 comisatoris
1230 3709 1284 3778 Tap,
1297 3709 1472 3760 commissato-
1566 3714 1569 3717 ’

364 3830 401 3880 ris
412 3846 430 3883 v
441 3828 452 3899 1
466 3830 498 3881 13
509 3830 566 3896 puri
576 3833 604 3882 io
616 3830 636 3882 T
649 3846 716 3884 cerr.
729 3846 835 3882 amana
844 3846 886 3900 pr.
899 3829 910 3899 1
924 3832 955 3882 14
967 3831 1061 3890 crician
1074 3848 1105 3899 φ,
1118 3829 1225 3881 Gricium
1236 3847 1253 3881 v
1269 3828 1274 3897 1
1288 3829 1404 3881 Catulum
1416 3830 1470 3898 ro,

365 3909 492 3962 Catullum
503 3928 520 3963 v
532 3909 543 3979 11
556 3912 587 3961 15
598 3910 718 3975 Ticidam]
730 3910 852 3962 Licinium
862 3911 1093 3963 Baribiusadcerr.
1101 3910 1180 3976 37,22
1193 3907 1204 3978 11
1217 3911 1248 3961 11
1262 3911 1391 3963 Cunthiam
1403 3910 1471 3980 Tpv

363 3989 368 4061 1
381 3991 514 4043 Hostiliam
523 3991 692 4045 Passeratius
706 3991 710 4058 1
731 3990 826 4056 Plania]
843 3992 934 4043 Flauia
951 3992 1117 4045 Caranicum
1130 3989 1141 4060 11
1154 3992 1252 4044 14-11
1269 3993 1290 4045 F
1301 3995 1330 4045 ira
1340 3997 1473 4060 mergitis.-

639 4107 745 4160 Catalns
774 4072 891 4192 Ῑὲιῖἓξὲω
942 4090 989 4140 ¹³⁹⁰

773 4208 885 4260 Ticidam
897 4210 1015 4276 perillam
1029 4215 1044 4267 †

855 4277 962 4329 Metella

706 4345 851 4412 propertius
886 4345 1009 4397 Cinthiam
1021 4361 1067 4411 pro
1079 4345 1164 4396 hostia

723 4414 840 4466 Tibullus
908 4413 1005 4465 Deliam
1017 4428 1063 4480 pro
1076 4413 1164 4464 Plania
1177 4410 1187 4479 11

367 4493 398 4546 18
410 4494 533 4547 Lucilium
550 4494 668 4563 Lipsius:
686 4493 820 4548 Lucullum
836 4494 910 4564 Tpv:
934 4494 1080 4547 Lucretium
1094 4492 1179 4564 Scipio
1197 4490 1315 4560 Gentilir,
1336 4495 1471 4546 Lucillinnr

365 4590 504 4645 quanqum
513 4577 547 4629 sit
559 4575 688 4644 satyricus
700 4575 867 4630 Quicum
878 4575 890 4644 1
