3867 5559
815 746 985 800 nantoani
1405 749 1445 809 97

260 835 304 876 lida
318 834 421 876 Oudond.
1417 831 1434 873 f.
1443 831 1504 871 taen.
1519 830 1534 871 t.
1543 830 1590 870 lis.

261 926 319 979 (aas)
334 902 382 980 uel
396 903 565 982 loquentem
579 908 704 964 matrem
721 921 804 964 suam
824 896 947 982 propter
960 899 1106 962 insaniam
1120 900 1240 962 uiderit:
1261 907 1355 980 neget,
1377 918 1441 962 eam

250 999 252 1002 ⁴
332 988 494 1066 rationibus
509 1004 679 1066 uilliconum
694 1010 723 1064 et
737 1004 902 1083 upilionum
917 1009 946 1063 et
961 1002 1138 1082 equisonum
1150 1003 1353 1064 sollertissime
1368 1002 1440 1064 sub·

333 1106 501 1185 scripsisse:
516 1112 611 1186 neget,
626 1106 747 1167 fratrem
762 1125 850 1167 snum
863 1104 1043 1167 Pontianum
1058 1092 1186 1184 grauiter
1201 1105 1236 1167 ab
1252 1088 1286 1166 ea
1311 1099 1315 1187 l
1340 1104 1439 1164 moni·
1454 1119 1470 1160 r.
1479 1120 1528 1160 no.

332 1216 407 1283 tum,
434 1215 468 1269 ut
488 1207 543 1270 sibi
563 1208 598 1268 ab
618 1206 731 1269 insidiis
751 1207 848 1270 Rufini
868 1213 999 1269 caueret:
1024 1214 1120 1287 neget,
1146 1225 1217 1269 uere
1238 1206 1440 1286 obiurgatum,

298 1324 314 1373 5
335 1310 415 1390 qnod
428 1310 536 1385 literas,
553 1327 625 1388 quas
641 1309 677 1370 ad
692 1327 761 1370 eum
776 1311 905 1384 miserat,
920 1310 1011 1389 uulgo
1026 1309 1253 1371 circumtubssot
1272 1327 1327 1372 nec
1341 1315 1441 1370 tamen

333 1412 411 1474 bona
430 1411 488 1472 lide
506 1411 636 1490 legisset:
662 1419 757 1491 neget,
777 1418 846 1492 post
865 1413 920 1473 ista
935 1430 1008 1490 quae
1029 1410 1087 1472 dixi
1107 1417 1232 1474 matrem
1259 1429 1343 1473 suam
1367 1411 1440 1472 mibi

333 1515 412 1594 apud
429 1514 528 1575 uillam
549 1513 607 1575 iam
633 1513 748 1594 pridem
768 1514 902 1575 condicto
923 1514 989 1574 loco
1010 1513 1156 1592 nupsisse.
1187 1513 1294 1594 quippe
1313 1514 1354 1575 ita
1371 1514 1606 1594 pla-Lxxxvlll

334 1623 443 1689 onerat,
458 1617 488 1677 in
503 1616 671 1677 suburbana
684 1615 753 1677 uilla
766 1616 866 1696 potius
880 1622 914 1677 ut
924 1614 1179 1693 coniungeremun
1195 1634 1232 1677 ne
1247 1617 1326 1678 ciues
1342 1618 1438 1679 denuo

335 1720 377 1780 ad
397 1719 544 1799 sportulas
569 1716 770 1789 conuolarent,
796 1732 864 1775 cum
889 1715 967 1777 haud
993 1717 1108 1796 pridem
1132 1717 1296 1779 Pudentilla
1322 1719 1358 1779 de
1383 1737 1438 1781 suo
1476 1732 1488 1749 ‘

284 1825 315 1876 to
336 1819 544 1900 quinquaginta
564 1819 644 1880 milia
663 1835 822 1881 nummum
840 1817 872 1877 in
891 1818 1036 1898 populum
1056 1819 1243 1899 expunxisset
1262 1837 1296 1881 ea
1310 1819 1365 1894 die,
1384 1838 1441 1900 qua

334 1922 497 1983 Pontianus
511 1918 734 1983 uxorem-duxit
748 1918 993 1998 et‘niepuenuus
1013 1926 1082 2000 toga
1101 1929 1146 1984 est
1165 1921 1333 1982 inuolatus:
1355 1940 1441 2002 prae-

334 2031 423 2098 terea,
439 2031 473 2084 ut
487 2023 631 2084 conuiuiis
646 2022 747 2083 multis
763 2040 796 2081 ac
810 2021 943 2082 molestis
964 2025 1234 2103 supersederemus
1256 2041 1329 2103 quae
1349 2021 1442 2084 ferme

336 2144 371 2187 ex
385 2144 469 2188 more
482 2125 571 2186 nouis
585 2124 698 2186 maritis
713 2122 848 2186 obeunda
862 2129 940 2185 sunt.

419 2228 525 2299 Habes,
546 2225 715 2300 Aemiliane,
736 2243 854 2286 causam
874 2232 978 2300 totam,
1000 2244 1054 2290 cur
1072 2226 1187 2288 tabulae
1207 2226 1352 2307 nuptiales
1367 2226 1443 2288 inter

286 2324 317 2387 15
339 2349 386 2391 me
405 2348 439 2391 ac
452 2328 648 2391 Pudentillam
667 2343 729 2389 non
747 2327 779 2387 in
794 2327 902 2408 oppido
918 2328 978 2388 sint
992 2328 1044 2388 sed
1058 2328 1089 2389 in
1103 2328 1173 2390 uilla
1188 2328 1356 2391 suburbana
1370 2346 1442 2390 con-

337 2433 480 2512 signatae:
495 2449 532 2490 ne
544 2429 753 2510 quinquaginta
763 2429 842 2490 milia
852 2447 1010 2491 nummum
1022 2430 1118 2494 denno
1130 2430 1335 2512 profundenda
1345 2435 1443 2492 essent

337 2553 391 2595 nec
405 2541 503 2595 tecum
519 2538 569 2592 aut
583 2531 660 2610 apud
675 2538 704 2592 te
719 2530 892 2593 cenandum.
922 2539 1006 2594 estne
1020 2551 1108 2594 cansa
1127 2530 1256 2595 idonea?
1284 2533 1377 2595 miror
1397 2541 1442 2593 ta-

338 2654 417 2710 men,
433 2635 513 2714 quod
528 2641 561 2694 tu
575 2651 592 2693 a
606 2633 674 2695 uilla
687 2641 842 2712 tantopere
856 2633 1025 2709 abhorreas,
1042 2635 1091 2713 qui
1106 2636 1279 2714 plerumque
1295 2636 1356 2696 ruri
1371 2653 1441 2697 ner-

339 2756 413 2798 sere.
442 2738 488 2798 lex
502 2735 622 2815 quidem
636 2735 708 2796 lulia
722 2735 758 2796 de
777 2736 948 2797 maritandis
970 2735 1122 2797 ordinibus
1143 2754 1289 2815 nusquam
1304 2747 1443 2816 quantum

284 2843 317 2893 20
339 2839 397 2900 scio
423 2839 460 2899 ad
484 2839 564 2899 hunc
588 2837 712 2898 modum
738 2833 750 2920 ΙΙ
775 2837 934 2899 interdicit:
964 2829 1105 2899 ‘uxorem
1123 2837 1154 2899 in
1178 2837 1247 2900 uilla
1266 2857 1303 2900 ne
1319 2828 1444 2899 ducito?

337 2941 429 3001 immo
450 2940 475 3001 si
492 2957 598 3001 uerum
617 2939 700 3013 nelis,
727 2958 802 3000 uxor
821 2941 857 3000 ad
877 2940 992 3019 prolem
1014 2940 1107 3002 multo
1128 2940 1305 3021 auspicatius
1326 2939 1356 3001 in
1375 2939 1445 3001 uilla

339 3060 426 3121 quam
442 3042 472 3102 in
488 3041 597 3121 oppido
613 3040 738 3115 ducitur,
754 3041 784 3103 in
799 3042 863 3103 solo
878 3041 961 3103 uberi
977 3060 1065 3121 quam
1080 3042 1111 3101 in
1130 3042 1195 3102 loco
1211 3042 1311 3116 sterili,
1333 3042 1363 3102 in
1383 3029 1444 3120 agri

267 3160 325 3212 (aas)
340 3145 448 3226 cespite
469 3162 557 3224 quam
576 3143 607 3206 in
626 3143 682 3204 fori
704 3143 792 3218 silice,
818 3151 912 3206 mater
930 3145 1030 3208 futura
1045 3144 1076 3205 in
1091 3144 1155 3224 ipso
1171 3149 1305 3205 materno
1321 3143 1397 3216 sinu,
1419 3141 1444 3204 si

338 3246 430 3309 nabat
443 3247 476 3307 in
489 3252 587 3326 segete
602 3245 707 3319 adulta,
723 3265 813 3328 super
826 3247 983 3309 fecundam
997 3245 1121 3327 glebam,
1136 3246 1185 3308 uel
1199 3244 1279 3307 enim
1294 3244 1349 3308 sub
1361 3243 1442 3306 nmo

406 3465 422 3517 2
452 3466 598 3518 uilliconum
621 3428 692 3534 Fau,
716 3465 860 3519 uillicorum
884 3484 897 3525 ς
920 3427 938 3533 Ἰ
976 3466 1113 3534 upilionum
1136 3463 1214 3535 thV,
1239 3464 1373 3531 opilionem
1395 3481 1408 3523 ς
1441 3463 1445 3531 1

273 3560 282 3567 ·
339 3547 469 3597 eqnlionum
483 3545 621 3600 (matari.)

339 3616 474 3721 equisbnnm
625 3653 655 3718 F,
673 3654 816 3721 equisonum
828 3673 859 3726 φ,
882 3656 1066 3722 equlsionumv
1098 3653 1108 3722 ll
1139 3654 1255 3705 lmalim
1268 3667 1359 3704 seuere
1387 3651 1397 3720 ΙΙ
1427 3655 1442 3702 5
1486 3664 1489 3671 ·

339 3736 468 3787 litterasv
504 3735 509 3801 Ι
543 3736 764 3787 circuntnlissetv
798 3734 809 3803 ΙΙ
844 3736 1024 3787 'lnubsissoll
1061 3733 1071 3802 [Ι
1107 3735 1138 3786 10
1156 3735 1224 3785 milia
1236 3749 1261 3799 v,
1279 3733 1359 3785 millia
1370 3732 1416 3800 Ila>
1441 3730 1446 3782 Ι

339 3828 556 3937 ιιιιιιιὶἷῐωιαη.
568 3871 619 3938 pr.)
646 3866 651 3936 Ι
677 3869 702 3919 in
715 3886 764 3923 om.
778 3869 847 3939 lupv
871 3869 881 3938 b
906 3871 937 3921 12
948 3869 1064 3920 molestis
1076 3866 1232 3920 Salmasius:
1245 3867 1369 3918 molestiis
1382 3867 1445 3942 va

337 3948 346 4016 ll
369 3951 400 4000 14
412 3951 540 4001 nubtiales
552 3951 573 4002 1⁴¹
590 3950 600 4018 ll
618 3950 650 4001 ld
662 3950 731 4000 milia
743 3966 768 4014 v,
780 3950 859 4000 millia
871 3951 916 4019 Fq)
938 3949 948 4017 ΙΙ
972 3951 1001 4002 ll
1016 3965 1046 3998 ne
1059 3957 1141 3999 tecum
1153 3946 1297 3999 Salmasius
1317 3946 1322 4016 Ι
1336 3963 1445 3999 coenan-

338 4030 396 4081 dum
408 4031 462 4100 lup,
475 4032 629 4082 coenandum
642 4038 738 4088 essetc
762 4030 768 4094 Ι
791 4032 926 4100 ydoneam
948 4029 958 4098 ΙΙ
984 4030 1015 4081 18
1028 4029 1102 4097 quod]
1116 4029 1174 4095 quid
1188 4028 1319 4081 Acidaliae
1345 4028 1350 4094 Ι
1376 4037 1445 4080 tuam

720 4112 736 4151 b
1125 4120 1152 4150 aa
1166 4109 1233 4161 (man.
1247 4109 1299 4161 sec.)

338 4165 425 4222 uillam
436 4165 633 4235 p,tutuillav
659 4164 663 4232 Ι
689 4166 865 4233 aborreasqt
892 4162 897 4232 Ι
920 4180 980 4214 rure
994 4181 1035 4232 φν
1061 4161 1065 4230 l
1092 4178 1198 4214 uerrere
1316 4178 1339 4231 φ
1413 4160 1445 4211 19

248 4279 251 4285 ,
338 4260 458 4311 nusquam
470 4249 578 4314 scripsi:
591 4263 714 4314 nunqnam
726 4247 789 4315 qu
804 4244 808 4311 Ι
825 4251 942 4311 qnantum
953 4243 1042 4295 addidi
1060 4244 1070 4313 ll
1094 4246 1127 4296 20
1139 4245 1192 4296 scio
1205 4246 1309 4312 scripsi:
1322 4243 1358 4292 lui
1367 4241 1444 4311 PapV‚

339 4327 463 4385 sciliceta
491 4325 501 4395 b
533 4329 563 4378 21
578 4328 738 4393 auspicatius
749 4326 795 4396 qv
828 4325 838 4393 l
870 4326 903 4375 23
921 4325 1052 4392 seilicell,
1071 4325 1185 4378 sinoev
1212 4325 1216 4392 l
1243 4325 1360 4375 sinnam.
1374 4339 1402 4373 v:
1420 4323 1446 4372 in

339 4407 393 4473 ipso
405 4417 519 4460 materno
533 4409 589 4459 sinu
601 4423 631 4459 ao
640 4409 666 4458 in
679 4416 766 4472 segete
777 4407 951 4471 Carantonus,
965 4407 990 4457 in
1002 4407 1057 4472 ipso
1069 4423 1101 4459 m.
1117 4424 1137 4459 s.
1152 4407 1237 4469 nubat,
1250 4406 1275 4457 in
1285 4411 1371 4468 segete
1384 4406 1447 4470 Ace}

338 4488 432 4554 dabas,
444 4489 469 4539 in
481 4488 536 4555 ipso
549 4505 581 4541 nr.
595 4489 660 4556 sinn,
673 4490 695 4541 si
707 4497 751 4541 ant
763 4490 788 4539 in
801 4488 967 4553 segete—nel
979 4488 1044 4540 enim
1060 4489 1187 4541 Brantias
1215 4484 1226 4554 b
1254 4485 1446 4538 allocuturum

316 4569 400 4640 lov
421 4569 431 4639 l

391 4652 418 4691 L.
433 4653 501 4702 Apul.
517 4651 617 4692 Madaur.
631 4652 698 4703 Apol.
724 4701 727 4712 Ι
1246 4637 1260 4685 7
