3867 5559
468 716 509 779 26
807 715 837 766 L.
856 713 978 768 lavnnl
990 713 1226 769 MDAVRENSIS

327 800 343 841 r.
352 800 412 841 noae.
426 801 442 842 a.
451 799 485 841 aa.
1481 802 1523 842 na.
1538 804 1643 846 ourani.

443 914 446 919 -
466 869 497 932 in
511 870 681 950 hispaniam
696 871 801 931 consul
815 868 1062 949 proficisceretur,
1083 868 1138 930 tris
1153 887 1257 930 seruos
1277 871 1357 931 solos
1377 886 1412 931 er
1426 871 1500 933 urbe
1515 873 1571 933 du-

465 972 557 1047 risse3
573 971 713 1052 quoniam
727 971 764 1032 ad
777 971 1038 1052 uillam'puhlicam
1052 978 1182 1045 uenerat,
1203 990 1308 1052 parum
1321 972 1421 1035 meum
1441 974 1491 1053 qui
1505 980 1572 1036 ute·

465 1081 555 1148 ream,
570 1073 691 1136 iussisse
706 1072 781 1134 duos
796 1091 904 1153 pueros
918 1073 949 1133 in
969 1074 1036 1135 foro
1056 1074 1211 1135 demensa
1231 1074 1298 1148 emi,
1320 1093 1371 1136 eos
1392 1075 1521 1155 quinquo
1539 1077 1570 1137 in
1585 1101 1642 1155 (aar)

465 1176 636 1256 Hispaniam
650 1174 776 1237 duxisse.
806 1177 878 1236 haec
891 1174 1009 1237 Pudens
1025 1175 1050 1236 si
1064 1175 1190 1254 legisset,
1206 1182 1240 1237 ut
1253 1194 1318 1237 mea
1332 1176 1431 1256 opinio
1447 1185 1501 1253 est,
1522 1186 1574 1241 aut

467 1277 588 1341 omnino
602 1277 671 1340 huic
684 1276 839 1339 maledieto
854 1278 1077 1357 supersedisset,
1092 1284 1142 1339 aut
1160 1277 1193 1339 in
1211 1278 1306 1340 tribus
1326 1278 1421 1340 seruis
1435 1280 1571 1342 multitu-
1589 1299 1604 1349 5

466 1381 566 1443 ἀίυοηι
591 1381 734 1444 comitum
759 1379 927 1461 philosophi
954 1399 1043 1459 quam
1068 1379 1244 1460 paucitatem
1269 1382 1483 1461 reprehendere
1507 1401 1572 1444 ma-

467 1482 579 1545 luisset

367 1595 450 1650 xvlll
550 1584 633 1646 Idem
646 1583 719 1645 mihi
733 1583 821 1645 etiam
835 1589 1037 1664 paupertatem
1052 1583 1252 1664 obprobrauit,
1273 1591 1424 1664 acceptum
1437 1587 1572 1667 philoso-

465 1690 526 1770 pho
546 1687 658 1750 crimen
679 1692 709 1747 et
728 1686 806 1747 ultro
827 1686 1035 1765 profitendum.
1071 1687 1150 1748 enim
1170 1693 1327 1767 paupertas
1348 1687 1419 1749 olim
1438 1689 1571 1768 philoso-
1644 1767 1647 1771 .

466 1791 551 1872 phiae
564 1790 721 1852 uernacula
735 1795 789 1862 est,
804 1788 891 1868 frugi,
907 1788 1015 1863 sobria,
1030 1807 1124 1868 paruo
1139 1796 1254 1873 potens,
1270 1789 1384 1850 aemula
1398 1791 1502 1865 laudis,
1517 1792 1570 1853 ad·
1589 1806 1620 1856 10

373 1963 375 1966 Α
466 1911 587 1958 uersum
608 1891 724 1954 dimhas
749 1909 901 1972 possessa,
928 1890 1029 1952 habitu
1054 1909 1171 1964 secura,
1199 1892 1280 1953 cultu
1300 1890 1433 1971 simplex,
1446 1894 1570 1956 consilio
1585 1915 1642 1970 (aaa)

390 2021 452 2064 css.
465 1995 649 2069 benesuada,
670 1993 820 2055 neminem
838 2006 970 2073 unquam
990 1993 1127 2074 superbia
1146 1989 1150 2076 l
1169 1993 1295 2066 inssauit,
1315 1994 1464 2057 neminem
1483 1996 1572 2076 inpo-

464 2099 555 2161 tentia
574 2096 755 2177 deprauauit,
776 2096 925 2157 neminem
944 2095 1098 2175 tyrannide
1116 2096 1256 2170 efferauit,
1277 2096 1394 2157 delicias
1411 2097 1524 2159 uentris
1543 2106 1574 2159 et

464 2201 618 2282 inguinum
633 2217 728 2278 neque
741 2198 807 2260 uult
819 2198 894 2260 ullas
904 2215 1000 2277 neque
1013 2204 1121 2278 potest.
1148 2198 1255 2278 quippe
1269 2199 1341 2260 haec
1354 2205 1384 2260 et
1397 2199 1451 2261 alia
1465 2200 1572 2280 flagitia

465 2303 634 2366 diuitiarum
650 2302 762 2363 alumni
776 2301 886 2362 solent:
909 2299 1037 2362 maxima
1052 2318 1183 2379 quaeque
1198 2299 1306 2361 scelera
1321 2300 1346 2361 si
1360 2319 1396 2363 ex
1410 2303 1491 2364 omni
1506 2321 1571 2364 mo·
1590 2321 1622 2371 15

465 2406 561 2469 moria
573 2405 730 2467 hominum
744 2421 926 2483 percenseas,
946 2403 1062 2464 nullum
1081 2402 1112 2464 in
1126 2402 1182 2466 illis
1196 2420 1356 2483 pauperem
1375 2403 1518 2483 reperies,
1539 2412 1573 2467 ut

466 2513 569 2570 contra
592 2505 672 2568 huod
695 2513 806 2567 temere
826 2506 903 2566 inter
920 2504 1054 2566 inlustris
1073 2504 1155 2569 uiros
1181 2504 1286 2566 dimtes
1306 2513 1491 2585 comparent,
1518 2508 1570 2568 sed
1584 2529 1642 2583 (aaa)

466 2626 671 2690 quemcunque
696 2607 728 2669 in
746 2607 842 2687 aliqua
862 2607 947 2669 laude
966 2607 1123 2680 miramur,
1145 2625 1214 2669 eum
1228 2613 1383 2687 paupertas
1398 2609 1434 2670 ab
1448 2609 1571 2670 incuna-

464 2712 543 2776 bulis
556 2710 700 2774 nutricata
710 2717 764 2772 est.
790 2717 955 2791 paupertas,
970 2709 1101 2789 inquam,
1115 2709 1213 2790 prisca
1223 2710 1301 2790 apud
1311 2710 1425 2771 saecula
1436 2712 1571 2773 omnium

363 2838 451 2883 troas.
467 2813 618 2877 ciuitatum
638 2810 811 2888 conditrixih
832 2814 967 2876 omnium
986 2812 1093 2874 artium
1112 2813 1263 2892 repertrix,
1280 2813 1414 2875 omnium
1433 2820 1569 2896 peccato»
1587 2831 1620 2882 20

465 2935 534 2978 rum
553 2916 649 2996 inops,
671 2916 769 2977 omnis
786 2916 894 2996 gloriae
914 2915 1067 2988 munifica,
1089 2914 1201 2976 cunctis
1222 2914 1355 2978 laudibus
1376 2917 1454 2998 apud
1474 2917 1571 2980 omnis

465 3018 600 3083 nationes
619 3019 782 3099 perfrmcta
812 3018 915 3081 eadem
935 3017 1015 3080 enim
1039 3022 1085 3078 est
1103 3022 1260 3099 paupertas
1285 3019 1362 3099 apud
1387 3019 1519 3082 Graecos>
1540 3020 1571 3080 in

465 3121 591 3185 Aristide
604 3121 690 3198 iusta,
704 3121 737 3183 in
750 3122 900 3186 Phocione
913 3121 1048 3201 benigna,
1062 3119 1094 3182 in
1108 3119 1310 3202 Epaminonda
1323 3126 1452 3195 ohanna,
1467 3122 1498 3184 in
1513 3123 1571 3184 So-

486 3312 501 3361 3
520 3311 585 3364 Plut.
599 3309 653 3361 cet.
667 3310 725 3362 mei.
741 3311 785 3360 10:
802 3295 865 3375 ἦσαν
883 3305 909 3359 di
926 3302 997 3360 eriora
1014 3295 1163 3377 θεράποντες
1181 3306 1220 3358 ἐπὶ
1237 3305 1368 3378 στρατείας
1384 3297 1430 3362 oia
1442 3303 1516 3376 αὐτῷ.

532 3519 548 3569 2
560 3516 675 3585 quomam
687 3516 760 3586 Fapv:
774 3531 830 3567 eum
841 3515 890 3566 iam
898 3514 1003 3583 Lipsius
1024 3513 1034 3584 h
1054 3515 1122 3568 dhic
1134 3531 1151 3566 v
1166 3513 1177 3583 ΙΙ
1195 3517 1209 3566 5
1221 3517 1277 3567 huic
1289 3520 1316 3568 aia
1328 3535 1351 3586 φ
1363 3532 1502 3587 suprascr.
1524 3516 1535 3586 ΙΙ
1556 3519 1571 3570 6

464 3610 616 3722 ραῗοὶωῐοω
626 3650 672 3720 Ρφ
695 3648 706 3719 [Ι
729 3650 816 3703 anot
827 3652 957 3718 margaira:
970 3651 1000 3702 de
1012 3658 1168 3718 paupertate.
1193 3649 1292 3702 Laudas
1305 3653 1468 3718 paupertatis.
1497 3654 1501 3720 Ι
1526 3670 1571 3721 op·
1600 3620 1602 3624 ⁷

463 3734 640 3804 probrauitap
666 3731 677 3803 fl
706 3735 738 3785 10
758 3732 892 3785 aduersum
912 3731 1014 3783 diuitias
1030 3735 1158 3799 possessa]
1180 3733 1258 3783 cerda
1271 3732 1385 3784 nondum
1400 3738 1503 3786 sanata:
1525 3736 1571 3786 ad·

464 3831 567 3868 uersum
581 3816 622 3868 ool
635 3816 768 3868 aduersam
784 3814 879 3866 diuitiis
894 3811 1010 3880 professa
1028 3813 1205 3878 Caamadonur,
1224 3813 1332 3866 aduersa
1344 3815 1439 3867 diuitiis
1450 3830 1571 3883 possessa

464 3896 609 3962 Meuania,
632 3898 730 3953 aemula
752 3897 844 3961 lautis,
871 3897 1007 3946 aduersum
1029 3894 1130 3945 diuitias
1152 3909 1274 3961 possessu
1296 3894 1414 3964 Lipsius,
1443 3897 1570 3949 enimuero

464 3983 601 4045 paupertas
630 3978 690 4030 olim
717 3978 890 4045 philosophiae
920 3976 1057 4027 uernacula
1085 3976 1220 4027 aduersum
1247 3975 1348 4028 diuitias
1374 3992 1494 4044 possessa
1522 3986 1570 4042 est,

464 4057 545 4123 frugi,
566 4058 663 4124 sobria,
684 4075 763 4126 paruo
779 4068 882 4127 potens,
903 4057 1002 4108 aemula
1020 4056 1115 4121 laudis,
1133 4056 1219 4108 habitu
1235 4072 1325 4109 secura
1343 4057 1382 4112 W
1381 4074 1481 4111 omarus
1504 4056 1514 4127 11
1539 4059 1567 4110 11

466 4140 552 4192 cultus
564 4157 581 4192 v
596 4138 608 4210 fl
634 4140 665 4192 12
678 4141 824 4208 impotentia
836 4157 889 4210 ‹pvz
902 4138 1015 4207 potentia
1027 4139 1154 4191 damnauit
1165 4136 1310 4190 dedemus
1334 4138 1345 4208 [1
1369 4141 1401 4191 13
1414 4140 1446 4192 ad
1457 4141 1573 4209 manni·

466 4223 522 4273 dem
537 4219 683 4277 Seriumne
707 4219 712 4289 Ι
737 4220 869 4272 effremuit
885 4220 1000 4272 Boaacda
1028 4217 1039 4287 ΙΙ
1071 4222 1103 4274 14
1125 4235 1203 4287 neque
1220 4221 1313 4286 potest]
1332 4235 1411 4289 nequa
1427 4229 1501 4288 putat
1514 4218 1572 4272 Sta·

465 4303 577 4357 roselina
600 4302 611 4372 l
636 4305 668 4356 15
680 4302 825 4373 alumpnicp
849 4301 859 4369 ss
884 4301 915 4353 16
927 4300 1092 4368 repperiasV
1118 4300 1123 4370 1
1149 4300 1191 4352 uhi
1203 4317 1228 4358 a:
1242 4301 1402 4354 utiBoaaclan
1422 4300 1433 4373 l
1458 4304 1489 4354 17
1504 4303 1572 4355 haud

468 4382 1034 4452 CasaudonuazhancFapvahaecValcaniua
1061 4382 1066 4451 Ι
1091 4383 1195 4448 temere]
1209 4380 1288 4434 ferme
1303 4381 1444 4435 Grorlotiua
1475 4382 1480 4450 1
1509 4383 1572 4434 illu-

470 4464 567 4532 striscp
593 4463 597 4531 Ι
624 4466 779 4524 otdiuitosa
801 4462 813 4532 ΙΙ
837 4464 869 4515 18
881 4478 1078 4531 quaecumquev
1101 4462 1111 4532 ss
1136 4464 1167 4514 19
1180 4464 1294 4531 aputFV
1318 4463 1328 4532 i}
1351 4464 1572 4516 nonunciumv

467 4542 475 4610 11
495 4545 525 4596 21
541 4547 604 4612 apud
618 4562 755 4617 omnespv
779 4545 790 4616 h
813 4546 976 4598 22cstenim
988 4545 1035 4615 pv
1057 4542 1068 4612 ΙΙ
1092 4545 1286 4598 23Photionev
1312 4545 1316 4613 Ι
1344 4552 1493 4597 strennuav
1515 4543 1526 4613 {1
