<?xml version="1.0" encoding="UTF-8"?>
<!DOCTYPE html PUBLIC "-//W3C//DTD XHTML 1.0 Transitional//EN"
    "http://www.w3.org/TR/xhtml1/DTD/xhtml1-transitional.dtd">
<html xmlns="http://www.w3.org/1999/xhtml" xml:lang="en" lang="en">
 <head>
  <title>
</title>
<meta http-equiv="Content-Type" content="text/html;charset=utf-8" />
  <meta name='ocr-system' content='tesseract 3.04.00' />
  <meta name='ocr-capabilities' content='ocr_page ocr_carea ocr_par ocr_line ocrx_word'/>
</head>
<body>
  <div class='ocr_page' id='page_1' title='image "./lapuleimadauren00krgoog_0010.png"; bbox 0 0 3867 5559; ppageno 0'>
   <div class='ocr_carea' id='block_1_1' title="bbox 459 724 1102 790">
    <p class='ocr_par' dir='ltr' id='par_1_1' title="bbox 459 724 1102 790">
     <span class='ocr_line' id='line_1_1' title="bbox 459 724 1102 790; baseline 0.006 -18"><span class='ocrx_word' id='word_1_1' title='bbox 459 748 487 790; x_wconf 77' lang='lat' dir='ltr'>vr</span> <span class='ocrx_word' id='word_1_2' title='bbox 914 724 1102 777; x_wconf 78' lang='lat' dir='ltr'>vmnrarro</span> 
     </span>
    </p>
   </div>
   <div class='ocr_carea' id='block_1_2' title="bbox 459 879 1566 2958">
    <p class='ocr_par' dir='ltr' id='par_1_2' title="bbox 459 879 1562 1065">
     <span class='ocr_line' id='line_1_2' title="bbox 459 879 1562 963; baseline 0.002 -21"><span class='ocrx_word' id='word_1_3' title='bbox 459 902 524 943; x_wconf 82' lang='lat' dir='ltr'>ema</span> <span class='ocrx_word' id='word_1_4' title='bbox 531 928 539 959; x_wconf 91' lang='lat'>,</span> <span class='ocrx_word' id='word_1_5' title='bbox 576 883 640 942; x_wconf 86' lang='lat' dir='ltr'>aiae</span> <span class='ocrx_word' id='word_1_6' title='bbox 669 883 731 942; x_wconf 86' lang='lat' dir='ltr'>olla</span> <span class='ocrx_word' id='word_1_7' title='bbox 761 882 945 960; x_wconf 72' lang='lat' dir='ltr'><em>exceptione,</em></span> <span class='ocrx_word' id='word_1_8' title='bbox 977 899 1044 940; x_wconf 86' lang='lat' dir='ltr'>eum</span> <span class='ocrx_word' id='word_1_9' title='bbox 1073 879 1193 941; x_wconf 85' lang='lat' dir='ltr'>Mareto</span> <span class='ocrx_word' id='word_1_10' title='bbox 1222 900 1288 942; x_wconf 84' lang='lat' dir='ltr'>aar.</span> <span class='ocrx_word' id='word_1_11' title='bbox 1306 882 1368 943; x_wconf 86' lang='lat' dir='ltr'>leet.</span> <span class='ocrx_word' id='word_1_12' title='bbox 1398 881 1495 943; x_wconf 88' lang='lat' dir='ltr'><em>XVII</em></span> <span class='ocrx_word' id='word_1_13' title='bbox 1523 884 1562 963; x_wconf 66' lang='lat' dir='ltr'>Iit</span> 
     </span>
     <span class='ocr_line' id='line_1_3' title="bbox 459 985 1411 1065; baseline -0.001 -17"><span class='ocrx_word' id='word_1_14' title='bbox 459 987 623 1048; x_wconf 75' lang='lat' dir='ltr'>&lt;eruditam</span> <span class='ocrx_word' id='word_1_15' title='bbox 645 986 787 1065; x_wconf 85' lang='lat' dir='ltr'>inprimis</span> <span class='ocrx_word' id='word_1_16' title='bbox 809 990 838 1047; x_wconf 89' lang='lat' dir='ltr'>et</span> <span class='ocrx_word' id='word_1_17' title='bbox 857 988 1010 1046; x_wconf 80' lang='lat' dir='ltr'>venustum</span> <span class='ocrx_word' id='word_1_18' title='bbox 1032 985 1224 1063; x_wconf 71' lang='lat' dir='ltr'><em>scriptorem&gt;</em></span> <span class='ocrx_word' id='word_1_19' title='bbox 1247 1005 1411 1047; x_wconf 71' lang='lat' dir='ltr'>oocorerna</span> 
     </span>
    </p>

    <p class='ocr_par' dir='ltr' id='par_1_3' title="bbox 460 1084 1566 2958">
     <span class='ocr_line' id='line_1_4' title="bbox 549 1084 1561 1173; baseline 0.001 -20"><span class='ocrx_word' id='word_1_20' title='bbox 549 1087 657 1153; x_wconf 80' lang='lat' dir='ltr'><strong>Sensit</strong></span> <span class='ocrx_word' id='word_1_21' title='bbox 680 1086 778 1173; x_wconf 86' lang='lat' dir='ltr'>igitur</span> <span class='ocrx_word' id='word_1_22' title='bbox 793 1084 1059 1151; x_wconf 89' lang='lat' dir='ltr'>Ruhnkenius</span> <span class='ocrx_word' id='word_1_23' title='bbox 1083 1086 1168 1173; x_wconf 94' lang='lat' dir='ltr'>quod</span> <span class='ocrx_word' id='word_1_24' title='bbox 1192 1088 1394 1152; x_wconf 89' lang='lat' dir='ltr'>verissimum</span> <span class='ocrx_word' id='word_1_25' title='bbox 1411 1098 1474 1152; x_wconf 87' lang='lat' dir='ltr'>est:</span> <span class='ocrx_word' id='word_1_26' title='bbox 1500 1090 1561 1154; x_wconf 90' lang='lat' dir='ltr'>dis·</span> 
     </span>
     <span class='ocr_line' id='line_1_5' title="bbox 460 1190 1562 1280; baseline 0.001 -23"><span class='ocrx_word' id='word_1_27' title='bbox 460 1192 581 1258; x_wconf 82' lang='lat' dir='ltr'>crimen</span> <span class='ocrx_word' id='word_1_28' title='bbox 605 1192 766 1279; x_wconf 86' lang='lat' dir='ltr'><strong>quoddam</strong></span> <span class='ocrx_word' id='word_1_29' title='bbox 790 1191 938 1255; x_wconf 91' lang='lat' dir='ltr'>dictionis</span> <span class='ocrx_word' id='word_1_30' title='bbox 961 1190 1046 1255; x_wconf 91' lang='lat' dir='ltr'>inter</span> <span class='ocrx_word' id='word_1_31' title='bbox 1069 1191 1251 1278; x_wconf 83' lang='lat' dir='ltr'>apologiam</span> <span class='ocrx_word' id='word_1_32' title='bbox 1269 1201 1457 1279; x_wconf 90' lang='lat' dir='ltr'>ceterosque</span> <span class='ocrx_word' id='word_1_33' title='bbox 1472 1191 1562 1280; x_wconf 89' lang='lat' dir='ltr'>Apu-</span> 
     </span>
     <span class='ocr_line' id='line_1_6' title="bbox 460 1296 1561 1383; baseline 0.001 -21"><span class='ocrx_word' id='word_1_34' title='bbox 460 1298 501 1364; x_wconf 91' lang='lat' dir='ltr'>lei</span> <span class='ocrx_word' id='word_1_35' title='bbox 525 1299 624 1364; x_wconf 90' lang='lat' dir='ltr'>libros</span> <span class='ocrx_word' id='word_1_36' title='bbox 648 1296 856 1361; x_wconf 81' lang='lat' dir='ltr'>intercedere.</span> <span class='ocrx_word' id='word_1_37' title='bbox 894 1317 999 1383; x_wconf 88' lang='lat' dir='ltr'>neque</span> <span class='ocrx_word' id='word_1_38' title='bbox 1023 1319 1100 1361; x_wconf 89' lang='lat' dir='ltr'>vero</span> <span class='ocrx_word' id='word_1_39' title='bbox 1117 1297 1150 1360; x_wconf 93' lang='lat' dir='ltr'>in</span> <span class='ocrx_word' id='word_1_40' title='bbox 1167 1320 1279 1362; x_wconf 80' lang='lat' dir='ltr'><strong>causas</strong></span> <span class='ocrx_word' id='word_1_41' title='bbox 1297 1296 1390 1361; x_wconf 90' lang='lat' dir='ltr'>huius</span> <span class='ocrx_word' id='word_1_42' title='bbox 1406 1298 1453 1362; x_wconf 90' lang='lat' dir='ltr'>rei</span> <span class='ocrx_word' id='word_1_43' title='bbox 1470 1321 1561 1363; x_wconf 90' lang='lat' dir='ltr'>accu-</span> 
     </span>
     <span class='ocr_line' id='line_1_7' title="bbox 460 1400 1562 1487; baseline -0.001 -19"><span class='ocrx_word' id='word_1_44' title='bbox 460 1402 559 1468; x_wconf 90' lang='lat' dir='ltr'>ratius</span> <span class='ocrx_word' id='word_1_45' title='bbox 589 1401 769 1487; x_wconf 83' lang='lat' dir='ltr'>inquisivit:</span> <span class='ocrx_word' id='word_1_46' title='bbox 800 1400 833 1464; x_wconf 93' lang='lat' dir='ltr'>id</span> <span class='ocrx_word' id='word_1_47' title='bbox 857 1400 943 1486; x_wconf 93' lang='lat' dir='ltr'>quod</span> <span class='ocrx_word' id='word_1_48' title='bbox 964 1401 1072 1464; x_wconf 87' lang='lat' dir='ltr'>facere</span> <span class='ocrx_word' id='word_1_49' title='bbox 1097 1401 1217 1465; x_wconf 84' lang='lat' dir='ltr'>studuit</span> <span class='ocrx_word' id='word_1_50' title='bbox 1239 1402 1301 1465; x_wconf 92' lang='lat' dir='ltr'>hoc</span> <span class='ocrx_word' id='word_1_51' title='bbox 1325 1403 1452 1467; x_wconf 90' lang='lat' dir='ltr'>saeculo</span> <span class='ocrx_word' id='word_1_52' title='bbox 1478 1404 1562 1467; x_wconf 88' lang='lat' dir='ltr'>solus</span> 
     </span>
     <span class='ocr_line' id='line_1_8' title="bbox 460 1503 1563 1592; baseline 0.001 -21"><span class='ocrx_word' id='word_1_53' title='bbox 460 1505 791 1588; x_wconf 88' lang='lat' dir='ltr'>Hildebrandius,</span> <span class='ocrx_word' id='word_1_54' title='bbox 815 1503 1054 1571; x_wconf 90' lang='lat' dir='ltr'>recentissimus</span> <span class='ocrx_word' id='word_1_55' title='bbox 1069 1503 1189 1592; x_wconf 82' lang='lat' dir='ltr'>Apulei</span> <span class='ocrx_word' id='word_1_56' title='bbox 1205 1505 1318 1588; x_wconf 91' lang='lat' dir='ltr'>editor,</span> <span class='ocrx_word' id='word_1_57' title='bbox 1343 1507 1401 1570; x_wconf 90' lang='lat' dir='ltr'>sed</span> <span class='ocrx_word' id='word_1_58' title='bbox 1417 1530 1458 1571; x_wconf 86' lang='lat' dir='ltr'>ex</span> <span class='ocrx_word' id='word_1_59' title='bbox 1474 1530 1563 1572; x_wconf 90' lang='lat' dir='ltr'>more</span> 
     </span>
     <span class='ocr_line' id='line_1_9' title="bbox 461 1610 1563 1699; baseline -0.001 -22"><span class='ocrx_word' id='word_1_60' title='bbox 461 1635 518 1677; x_wconf 92' lang='lat' dir='ltr'>suo</span> <span class='ocrx_word' id='word_1_61' title='bbox 554 1612 687 1699; x_wconf 93' lang='lat' dir='ltr'>protulit</span> <span class='ocrx_word' id='word_1_62' title='bbox 717 1611 869 1698; x_wconf 78' lang='lat' dir='ltr'>(prolepp.</span> <span class='ocrx_word' id='word_1_63' title='bbox 892 1634 926 1693; x_wconf 88' lang='lat' dir='ltr'>p.</span> <span class='ocrx_word' id='word_1_64' title='bbox 953 1612 1105 1694; x_wconf 89' lang='lat' dir='ltr'><em>XXIIII)</em></span> <span class='ocrx_word' id='word_1_65' title='bbox 1134 1611 1215 1675; x_wconf 88' lang='lat' dir='ltr'>nihil</span> <span class='ocrx_word' id='word_1_66' title='bbox 1241 1612 1309 1676; x_wconf 87' lang='lat' dir='ltr'>fere</span> <span class='ocrx_word' id='word_1_67' title='bbox 1338 1610 1400 1675; x_wconf 88' lang='lat' dir='ltr'>nisi</span> <span class='ocrx_word' id='word_1_68' title='bbox 1428 1611 1563 1699; x_wconf 89' lang='lat' dir='ltr'>ineptias</span> 
     </span>
     <span class='ocr_line' id='line_1_10' title="bbox 461 1715 1564 1804; baseline -0.002 -22"><span class='ocrx_word' id='word_1_69' title='bbox 461 1718 609 1804; x_wconf 87' lang='lat' dir='ltr'>indignas</span> <span class='ocrx_word' id='word_1_70' title='bbox 642 1718 787 1804; x_wconf 88' lang='lat' dir='ltr'>profecto</span> <span class='ocrx_word' id='word_1_71' title='bbox 823 1737 904 1801; x_wconf 89' lang='lat' dir='ltr'>quae</span> <span class='ocrx_word' id='word_1_72' title='bbox 938 1716 1126 1780; x_wconf 81' lang='lat' dir='ltr'>refutentur.</span> <span class='ocrx_word' id='word_1_73' title='bbox 1184 1715 1234 1779; x_wconf 91' lang='lat' dir='ltr'>his</span> <span class='ocrx_word' id='word_1_74' title='bbox 1268 1716 1501 1801; x_wconf 82' lang='lat' dir='ltr'>praetermissis</span> <span class='ocrx_word' id='word_1_75' title='bbox 1537 1717 1564 1780; x_wconf 92' lang='lat' dir='ltr'>si</span> 
     </span>
     <span class='ocr_line' id='line_1_11' title="bbox 462 1820 1562 1910; baseline -0.001 -23"><span class='ocrx_word' id='word_1_76' title='bbox 462 1845 566 1888; x_wconf 90' lang='lat' dir='ltr'>meam</span> <span class='ocrx_word' id='word_1_77' title='bbox 596 1823 724 1910; x_wconf 90' lang='lat' dir='ltr'>quidem</span> <span class='ocrx_word' id='word_1_78' title='bbox 753 1820 945 1886; x_wconf 88' lang='lat' dir='ltr'>sententiam</span> <span class='ocrx_word' id='word_1_79' title='bbox 974 1820 1085 1906; x_wconf 79' lang='lat' dir='ltr'>paucis</span> <span class='ocrx_word' id='word_1_80' title='bbox 1114 1820 1305 1887; x_wconf 89' lang='lat' dir='ltr'>adumbrare</span> <span class='ocrx_word' id='word_1_81' title='bbox 1329 1821 1413 1904; x_wconf 91' lang='lat' dir='ltr'>licet,</span> <span class='ocrx_word' id='word_1_82' title='bbox 1438 1822 1478 1887; x_wconf 90' lang='lat' dir='ltr'>ad</span> <span class='ocrx_word' id='word_1_83' title='bbox 1501 1822 1562 1886; x_wconf 87' lang='lat' dir='ltr'>dis-</span> 
     </span>
     <span class='ocr_line' id='line_1_12' title="bbox 462 1925 1564 1994; baseline 0 -1"><span class='ocrx_word' id='word_1_84' title='bbox 462 1928 583 1994; x_wconf 85' lang='lat' dir='ltr'>crimen</span> <span class='ocrx_word' id='word_1_85' title='bbox 617 1928 696 1993; x_wconf 89' lang='lat' dir='ltr'>illud</span> <span class='ocrx_word' id='word_1_86' title='bbox 730 1925 958 1991; x_wconf 89' lang='lat' dir='ltr'>declarandum</span> <span class='ocrx_word' id='word_1_87' title='bbox 991 1925 1073 1990; x_wconf 89' lang='lat' dir='ltr'>ratio</span> <span class='ocrx_word' id='word_1_88' title='bbox 1108 1926 1256 1991; x_wconf 89' lang='lat' dir='ltr'>habenda</span> <span class='ocrx_word' id='word_1_89' title='bbox 1290 1934 1339 1990; x_wconf 90' lang='lat' dir='ltr'>est</span> <span class='ocrx_word' id='word_1_90' title='bbox 1367 1949 1433 1991; x_wconf 89' lang='lat' dir='ltr'>non</span> <span class='ocrx_word' id='word_1_91' title='bbox 1462 1928 1564 1993; x_wconf 87' lang='lat' dir='ltr'>solum</span> 
     </span>
     <span class='ocr_line' id='line_1_13' title="bbox 461 2029 1563 2119; baseline 0.001 -22"><span class='ocrx_word' id='word_1_92' title='bbox 461 2034 565 2115; x_wconf 78' lang='lat' dir='ltr'>‹fori&gt;,</span> <span class='ocrx_word' id='word_1_93' title='bbox 593 2033 627 2098; x_wconf 91' lang='lat' dir='ltr'>in</span> <span class='ocrx_word' id='word_1_94' title='bbox 650 2055 713 2119; x_wconf 92' lang='lat' dir='ltr'>quo</span> <span class='ocrx_word' id='word_1_95' title='bbox 737 2030 844 2095; x_wconf 83' lang='lat' dir='ltr'>extitit</span> <span class='ocrx_word' id='word_1_96' title='bbox 866 2029 1024 2118; x_wconf 89' lang='lat' dir='ltr'>Apuleius</span> <span class='ocrx_word' id='word_1_97' title='bbox 1048 2041 1171 2114; x_wconf 90' lang='lat' dir='ltr'>orator,</span> <span class='ocrx_word' id='word_1_98' title='bbox 1201 2031 1257 2096; x_wconf 88' lang='lat' dir='ltr'>sed</span> <span class='ocrx_word' id='word_1_99' title='bbox 1281 2031 1377 2096; x_wconf 90' lang='lat' dir='ltr'>etiam</span> <span class='ocrx_word' id='word_1_100' title='bbox 1400 2034 1563 2119; x_wconf 90' lang='lat' dir='ltr'>temporis,</span> 
     </span>
     <span class='ocr_line' id='line_1_14' title="bbox 462 2135 1564 2224; baseline 0 -21"><span class='ocrx_word' id='word_1_101' title='bbox 462 2161 525 2224; x_wconf 94' lang='lat' dir='ltr'>quo</span> <span class='ocrx_word' id='word_1_102' title='bbox 550 2138 727 2202; x_wconf 90' lang='lat' dir='ltr'>orationem</span> <span class='ocrx_word' id='word_1_103' title='bbox 749 2136 860 2202; x_wconf 91' lang='lat' dir='ltr'>habuit</span> <span class='ocrx_word' id='word_1_104' title='bbox 883 2135 1047 2222; x_wconf 86' lang='lat' dir='ltr'>literisque</span> <span class='ocrx_word' id='word_1_105' title='bbox 1071 2136 1245 2202; x_wconf 86' lang='lat' dir='ltr'>mandavit.</span> <span class='ocrx_word' id='word_1_106' title='bbox 1288 2145 1384 2223; x_wconf 89' lang='lat' dir='ltr'>atque</span> <span class='ocrx_word' id='word_1_107' title='bbox 1407 2138 1467 2202; x_wconf 93' lang='lat' dir='ltr'>hoc</span> <span class='ocrx_word' id='word_1_108' title='bbox 1491 2161 1564 2203; x_wconf 91' lang='lat' dir='ltr'>eum</span> 
     </span>
     <span class='ocr_line' id='line_1_15' title="bbox 461 2240 1565 2327; baseline 0 -19"><span class='ocrx_word' id='word_1_109' title='bbox 461 2243 576 2308; x_wconf 86' lang='lat' dir='ltr'>fecisse</span> <span class='ocrx_word' id='word_1_110' title='bbox 610 2242 741 2308; x_wconf 91' lang='lat' dir='ltr'>iuvenili</span> <span class='ocrx_word' id='word_1_111' title='bbox 776 2249 880 2306; x_wconf 89' lang='lat' dir='ltr'>aetate</span> <span class='ocrx_word' id='word_1_112' title='bbox 911 2240 945 2304; x_wconf 92' lang='lat' dir='ltr'>in</span> <span class='ocrx_word' id='word_1_113' title='bbox 974 2240 1122 2327; x_wconf 89' lang='lat' dir='ltr'>apologia</span> <span class='ocrx_word' id='word_1_114' title='bbox 1151 2241 1221 2327; x_wconf 90' lang='lat' dir='ltr'>ipsa</span> <span class='ocrx_word' id='word_1_115' title='bbox 1250 2240 1427 2307; x_wconf 86' lang='lat' dir='ltr'>certissima</span> <span class='ocrx_word' id='word_1_116' title='bbox 1456 2242 1565 2308; x_wconf 90' lang='lat' dir='ltr'>insunt</span> 
     </span>
     <span class='ocr_line' id='line_1_16' title="bbox 463 2342 1566 2434; baseline 0 -21"><span class='ocrx_word' id='word_1_117' title='bbox 463 2347 654 2413; x_wconf 86' lang='lat' dir='ltr'>testimonia.</span> <span class='ocrx_word' id='word_1_118' title='bbox 699 2347 763 2411; x_wconf 92' lang='lat' dir='ltr'>iam</span> <span class='ocrx_word' id='word_1_119' title='bbox 786 2367 863 2410; x_wconf 91' lang='lat' dir='ltr'>vero</span> <span class='ocrx_word' id='word_1_120' title='bbox 888 2367 961 2408; x_wconf 91' lang='lat' dir='ltr'>cum</span> <span class='ocrx_word' id='word_1_121' title='bbox 982 2342 1139 2430; x_wconf 86' lang='lat' dir='ltr'>Apuleius</span> <span class='ocrx_word' id='word_1_122' title='bbox 1161 2344 1349 2417; x_wconf 80' lang='lat' dir='ltr'>adulescens</span> <span class='ocrx_word' id='word_1_123' title='bbox 1371 2367 1429 2432; x_wconf 90' lang='lat' dir='ltr'>per</span> <span class='ocrx_word' id='word_1_124' title='bbox 1443 2347 1566 2434; x_wconf 83' lang='lat' dir='ltr'>aliquot</span> 
     </span>
     <span class='ocr_line' id='line_1_17' title="bbox 461 2448 1565 2538; baseline -0.002 -20"><span class='ocrx_word' id='word_1_125' title='bbox 461 2476 618 2518; x_wconf 89' lang='lat' dir='ltr'>annorum</span> <span class='ocrx_word' id='word_1_126' title='bbox 653 2451 791 2538; x_wconf 88' lang='lat' dir='ltr'>spatium</span> <span class='ocrx_word' id='word_1_127' title='bbox 821 2450 855 2514; x_wconf 90' lang='lat' dir='ltr'>in</span> <span class='ocrx_word' id='word_1_128' title='bbox 884 2448 1025 2514; x_wconf 82' lang='lat' dir='ltr'>Graecia</span> <span class='ocrx_word' id='word_1_129' title='bbox 1054 2458 1086 2514; x_wconf 91' lang='lat' dir='ltr'>et</span> <span class='ocrx_word' id='word_1_130' title='bbox 1114 2450 1209 2516; x_wconf 89' lang='lat' dir='ltr'>Italia</span> <span class='ocrx_word' id='word_1_131' title='bbox 1238 2451 1338 2517; x_wconf 89' lang='lat' dir='ltr'>literis</span> <span class='ocrx_word' id='word_1_132' title='bbox 1368 2450 1503 2516; x_wconf 80' lang='lat' dir='ltr'>Graecis</span> <span class='ocrx_word' id='word_1_133' title='bbox 1533 2462 1565 2516; x_wconf 91' lang='lat' dir='ltr'>et</span> 
     </span>
     <span class='ocr_line' id='line_1_18' title="bbox 463 2555 1564 2641; baseline 0 -19"><span class='ocrx_word' id='word_1_134' title='bbox 463 2557 586 2623; x_wconf 88' lang='lat' dir='ltr'>Latinis</span> <span class='ocrx_word' id='word_1_135' title='bbox 609 2556 769 2621; x_wconf 87' lang='lat' dir='ltr'>discendis</span> <span class='ocrx_word' id='word_1_136' title='bbox 794 2577 924 2641; x_wconf 88' lang='lat' dir='ltr'>operam</span> <span class='ocrx_word' id='word_1_137' title='bbox 947 2555 1124 2636; x_wconf 87' lang='lat' dir='ltr'>navaverit,</span> <span class='ocrx_word' id='word_1_138' title='bbox 1152 2555 1265 2620; x_wconf 90' lang='lat' dir='ltr'>deinde</span> <span class='ocrx_word' id='word_1_139' title='bbox 1281 2556 1315 2619; x_wconf 92' lang='lat' dir='ltr'>in</span> <span class='ocrx_word' id='word_1_140' title='bbox 1331 2556 1478 2621; x_wconf 85' lang='lat' dir='ltr'>Africam</span> <span class='ocrx_word' id='word_1_141' title='bbox 1493 2558 1564 2622; x_wconf 92' lang='lat' dir='ltr'>red-</span> 
     </span>
     <span class='ocr_line' id='line_1_19' title="bbox 461 2658 1562 2749; baseline -0.001 -22"><span class='ocrx_word' id='word_1_142' title='bbox 461 2663 543 2744; x_wconf 89' lang='lat' dir='ltr'>ierit,</span> <span class='ocrx_word' id='word_1_143' title='bbox 568 2684 675 2727; x_wconf 89' lang='lat' dir='ltr'>nonne</span> <span class='ocrx_word' id='word_1_144' title='bbox 697 2661 765 2726; x_wconf 90' lang='lat' dir='ltr'>veri</span> <span class='ocrx_word' id='word_1_145' title='bbox 781 2658 977 2725; x_wconf 89' lang='lat' dir='ltr'>simillimum</span> <span class='ocrx_word' id='word_1_146' title='bbox 1001 2667 1059 2742; x_wconf 91' lang='lat' dir='ltr'>est,</span> <span class='ocrx_word' id='word_1_147' title='bbox 1081 2660 1263 2747; x_wconf 83' lang='lat' dir='ltr'>apologiam</span> <span class='ocrx_word' id='word_1_148' title='bbox 1286 2662 1450 2749; x_wconf 88' lang='lat' dir='ltr'>specimen</span> <span class='ocrx_word' id='word_1_149' title='bbox 1472 2685 1562 2748; x_wconf 90' lang='lat' dir='ltr'>prae·</span> 
     </span>
     <span class='ocr_line' id='line_1_20' title="bbox 462 2764 1563 2854; baseline -0.001 -21"><span class='ocrx_word' id='word_1_150' title='bbox 462 2770 538 2834; x_wconf 88' lang='lat' dir='ltr'>bere</span> <span class='ocrx_word' id='word_1_151' title='bbox 567 2765 715 2832; x_wconf 91' lang='lat' dir='ltr'>dictionis</span> <span class='ocrx_word' id='word_1_152' title='bbox 744 2765 857 2852; x_wconf 91' lang='lat' dir='ltr'>procul</span> <span class='ocrx_word' id='word_1_153' title='bbox 885 2788 904 2829; x_wconf 95' lang='lat' dir='ltr'>a</span> <span class='ocrx_word' id='word_1_154' title='bbox 926 2764 1031 2851; x_wconf 88' lang='lat' dir='ltr'>patria</span> <span class='ocrx_word' id='word_1_155' title='bbox 1054 2768 1217 2849; x_wconf 85' lang='lat' dir='ltr'>excultae,</span> <span class='ocrx_word' id='word_1_156' title='bbox 1248 2767 1399 2854; x_wconf 89' lang='lat' dir='ltr'>simplicis</span> <span class='ocrx_word' id='word_1_157' title='bbox 1423 2767 1563 2853; x_wconf 89' lang='lat' dir='ltr'>quidem,</span> 
     </span>
     <span class='ocr_line' id='line_1_21' title="bbox 463 2871 1564 2958; baseline -0.001 -20"><span class='ocrx_word' id='word_1_158' title='bbox 463 2874 518 2939; x_wconf 87' lang='lat' dir='ltr'>sed</span> <span class='ocrx_word' id='word_1_159' title='bbox 554 2876 689 2939; x_wconf 85' lang='lat' dir='ltr'>affectae</span> <span class='ocrx_word' id='word_1_160' title='bbox 724 2872 789 2936; x_wconf 90' lang='lat' dir='ltr'>iam</span> <span class='ocrx_word' id='word_1_161' title='bbox 821 2871 980 2957; x_wconf 87' lang='lat' dir='ltr'>pravitate</span> <span class='ocrx_word' id='word_1_162' title='bbox 1015 2871 1206 2957; x_wconf 89' lang='lat' dir='ltr'>scriptorum</span> <span class='ocrx_word' id='word_1_163' title='bbox 1241 2873 1426 2938; x_wconf 88' lang='lat' dir='ltr'>Africorum</span> <span class='ocrx_word' id='word_1_164' title='bbox 1460 2873 1564 2958; x_wconf 90' lang='lat' dir='ltr'>magis</span> 
     </span>
    </p>
   </div>
   <div class='ocr_carea' id='block_1_3' title="bbox 462 2975 1681 3066">
    <p class='ocr_par' dir='ltr' id='par_1_4' title="bbox 462 2975 1681 3066">
     <span class='ocr_line' id='line_1_22' title="bbox 462 2975 1681 3066; baseline -0.002 -22"><span class='ocrx_word' id='word_1_165' title='bbox 462 2979 629 3066; x_wconf 86' lang='lat' dir='ltr'>magisque</span> <span class='ocrx_word' id='word_1_166' title='bbox 652 2977 925 3065; x_wconf 88' lang='lat' dir='ltr'>percrebescente,</span> <span class='ocrx_word' id='word_1_167' title='bbox 949 2975 1249 3062; x_wconf 87' lang='lat' dir='ltr'>metamorphoseon</span> <span class='ocrx_word' id='word_1_168' title='bbox 1271 2986 1378 3041; x_wconf 90' lang='lat' dir='ltr'>autem</span> <span class='ocrx_word' id='word_1_169' title='bbox 1395 2977 1494 3043; x_wconf 91' lang='lat' dir='ltr'>libros</span> <span class='ocrx_word' id='word_1_170' title='bbox 1513 3000 1563 3042; x_wconf 90' lang='lat' dir='ltr'>ce·</span> <span class='ocrx_word' id='word_1_171' title='bbox 1679 2978 1681 2981; x_wconf 70' lang='grc'>’</span> 
     </span>
    </p>
   </div>
   <div class='ocr_carea' id='block_1_4' title="bbox 460 3079 1564 4538">
    <p class='ocr_par' dir='ltr' id='par_1_5' title="bbox 461 3079 1564 3694">
     <span class='ocr_line' id='line_1_23' title="bbox 462 3079 1563 3171; baseline -0.004 -21"><span class='ocrx_word' id='word_1_172' title='bbox 462 3095 594 3171; x_wconf 89' lang='lat' dir='ltr'>teraque</span> <span class='ocrx_word' id='word_1_173' title='bbox 623 3106 706 3170; x_wconf 90' lang='lat' dir='ltr'>quae</span> <span class='ocrx_word' id='word_1_174' title='bbox 730 3089 901 3167; x_wconf 85' lang='lat' dir='ltr'>supersunt</span> <span class='ocrx_word' id='word_1_175' title='bbox 923 3079 1043 3167; x_wconf 91' lang='lat' dir='ltr'>scripta</span> <span class='ocrx_word' id='word_1_176' title='bbox 1065 3117 1110 3128; x_wconf 92' lang='lat'><em>-</em></span> <span class='ocrx_word' id='word_1_177' title='bbox 1132 3082 1276 3169; x_wconf 88' lang='lat' dir='ltr'>exceptis</span> <span class='ocrx_word' id='word_1_178' title='bbox 1300 3082 1376 3147; x_wconf 89' lang='lat' dir='ltr'>solis</span> <span class='ocrx_word' id='word_1_179' title='bbox 1398 3081 1563 3165; x_wconf 77' lang='lat' dir='ltr'>&lt;floridis&gt;,</span> 
     </span>
     <span class='ocr_line' id='line_1_24' title="bbox 462 3184 1564 3276; baseline -0.003 -22"><span class='ocrx_word' id='word_1_180' title='bbox 462 3190 577 3276; x_wconf 91' lang='lat' dir='ltr'>quibus</span> <span class='ocrx_word' id='word_1_181' title='bbox 600 3198 731 3276; x_wconf 91' lang='lat' dir='ltr'>propter</span> <span class='ocrx_word' id='word_1_182' title='bbox 753 3185 880 3251; x_wconf 90' lang='lat' dir='ltr'>dicendi</span> <span class='ocrx_word' id='word_1_183' title='bbox 903 3208 1005 3272; x_wconf 87' lang='lat' dir='ltr'>genus</span> <span class='ocrx_word' id='word_1_184' title='bbox 1027 3184 1167 3251; x_wconf 90' lang='lat' dir='ltr'>medium</span> <span class='ocrx_word' id='word_1_185' title='bbox 1184 3188 1343 3274; x_wconf 89' lang='lat' dir='ltr'>quendam</span> <span class='ocrx_word' id='word_1_186' title='bbox 1359 3188 1465 3253; x_wconf 90' lang='lat' dir='ltr'>locum</span> <span class='ocrx_word' id='word_1_187' title='bbox 1481 3188 1564 3253; x_wconf 86' lang='lat' dir='ltr'>assi-</span> 
     </span>
     <span class='ocr_line' id='line_1_25' title="bbox 461 3290 1564 3381; baseline -0.003 -22"><span class='ocrx_word' id='word_1_188' title='bbox 461 3317 562 3381; x_wconf 87' lang='lat' dir='ltr'>gnare</span> <span class='ocrx_word' id='word_1_189' title='bbox 584 3296 690 3380; x_wconf 89' lang='lat' dir='ltr'>placet</span> <span class='ocrx_word' id='word_1_190' title='bbox 717 3330 762 3338; x_wconf 91' lang='lat'><em>-</em></span> <span class='ocrx_word' id='word_1_191' title='bbox 787 3290 961 3377; x_wconf 80' lang='lat' dir='ltr'>Aprdeium</span> <span class='ocrx_word' id='word_1_192' title='bbox 991 3290 1220 3378; x_wconf 86' lang='lat' dir='ltr'>conscripsisse</span> <span class='ocrx_word' id='word_1_193' title='bbox 1248 3302 1352 3358; x_wconf 90' lang='lat' dir='ltr'>aetate</span> <span class='ocrx_word' id='word_1_194' title='bbox 1375 3301 1564 3380; x_wconf 89' lang='lat' dir='ltr'>provectum</span> 
     </span>
     <span class='ocr_line' id='line_1_26' title="bbox 462 3396 1562 3486; baseline -0.003 -21"><span class='ocrx_word' id='word_1_195' title='bbox 462 3399 589 3486; x_wconf 89' lang='lat' dir='ltr'>iamque</span> <span class='ocrx_word' id='word_1_196' title='bbox 619 3419 771 3485; x_wconf 88' lang='lat' dir='ltr'>perverso</span> <span class='ocrx_word' id='word_1_197' title='bbox 794 3396 949 3461; x_wconf 82' lang='lat' dir='ltr'>Afrorum</span> <span class='ocrx_word' id='word_1_198' title='bbox 979 3396 1018 3460; x_wconf 91' lang='lat' dir='ltr'>de</span> <span class='ocrx_word' id='word_1_199' title='bbox 1047 3396 1224 3461; x_wconf 88' lang='lat' dir='ltr'>imitatione</span> <span class='ocrx_word' id='word_1_200' title='bbox 1253 3397 1371 3464; x_wconf 87' lang='lat' dir='ltr'>iudicio</span> <span class='ocrx_word' id='word_1_201' title='bbox 1395 3399 1440 3463; x_wconf 90' lang='lat' dir='ltr'>ita</span> <span class='ocrx_word' id='word_1_202' title='bbox 1462 3398 1562 3464; x_wconf 93' lang='lat' dir='ltr'>imbu-</span> 
     </span>
     <span class='ocr_line' id='line_1_27' title="bbox 461 3503 1564 3587; baseline 0 -17"><span class='ocrx_word' id='word_1_203' title='bbox 461 3514 540 3587; x_wconf 89' lang='lat' dir='ltr'>tum,</span> <span class='ocrx_word' id='word_1_204' title='bbox 564 3513 600 3567; x_wconf 92' lang='lat' dir='ltr'>ut</span> <span class='ocrx_word' id='word_1_205' title='bbox 618 3505 719 3567; x_wconf 87' lang='lat' dir='ltr'>‹modo</span> <span class='ocrx_word' id='word_1_206' title='bbox 734 3523 801 3566; x_wconf 83' lang='lat' dir='ltr'>cam</span> <span class='ocrx_word' id='word_1_207' title='bbox 818 3504 970 3582; x_wconf 79' lang='lat' dir='ltr'>Cicerone,</span> <span class='ocrx_word' id='word_1_208' title='bbox 997 3503 1137 3585; x_wconf 80' lang='lat' dir='ltr'>Caesare,</span> <span class='ocrx_word' id='word_1_209' title='bbox 1159 3504 1249 3568; x_wconf 79' lang='lat' dir='ltr'>Dioio</span> <span class='ocrx_word' id='word_1_210' title='bbox 1264 3511 1293 3567; x_wconf 86' lang='lat' dir='ltr'>et</span> <span class='ocrx_word' id='word_1_211' title='bbox 1305 3507 1463 3587; x_wconf 81' lang='lat' dir='ltr'>similibus,</span> <span class='ocrx_word' id='word_1_212' title='bbox 1479 3507 1564 3569; x_wconf 83' lang='lat' dir='ltr'>modo</span> 
     </span>
     <span class='ocr_line' id='line_1_28' title="bbox 461 3605 1564 3694; baseline -0.001 -19"><span class='ocrx_word' id='word_1_213' title='bbox 461 3631 528 3675; x_wconf 78' lang='lat' dir='ltr'>oum</span> <span class='ocrx_word' id='word_1_214' title='bbox 542 3611 685 3674; x_wconf 67' lang='lat' dir='ltr'>fflmadri</span> <span class='ocrx_word' id='word_1_215' title='bbox 705 3614 802 3672; x_wconf 84' lang='lat' dir='ltr'>matre</span> <span class='ocrx_word' id='word_1_216' title='bbox 825 3610 904 3690; x_wconf 82' lang='lat' dir='ltr'>ioqai</span> <span class='ocrx_word' id='word_1_217' title='bbox 925 3608 1093 3671; x_wconf 75' lang='lat' dir='ltr'>videretur&gt;</span> <span class='ocrx_word' id='word_1_218' title='bbox 1116 3605 1172 3693; x_wconf 84' lang='lat' dir='ltr'>(cf.</span> <span class='ocrx_word' id='word_1_219' title='bbox 1189 3610 1343 3674; x_wconf 80' lang='lat' dir='ltr'>Raiatea.</span> <span class='ocrx_word' id='word_1_220' title='bbox 1368 3613 1388 3673; x_wconf 82' lang='grc' dir='ltr'>Ι.</span> <span class='ocrx_word' id='word_1_221' title='bbox 1413 3613 1441 3674; x_wconf 85' lang='lat' dir='ltr'>d.</span> <span class='ocrx_word' id='word_1_222' title='bbox 1457 3608 1564 3694; x_wconf 53' lang='lat' dir='ltr'>pall?</span> 
     </span>
    </p>

    <p class='ocr_par' dir='ltr' id='par_1_6' title="bbox 460 3710 1563 4538">
     <span class='ocr_line' id='line_1_29' title="bbox 549 3710 1561 3801; baseline 0.001 -22"><span class='ocrx_word' id='word_1_223' title='bbox 549 3714 623 3779; x_wconf 90' lang='lat' dir='ltr'>Hoc</span> <span class='ocrx_word' id='word_1_224' title='bbox 654 3712 764 3778; x_wconf 86' lang='lat' dir='ltr'>ordine</span> <span class='ocrx_word' id='word_1_225' title='bbox 787 3711 814 3776; x_wconf 92' lang='lat' dir='ltr'>si</span> <span class='ocrx_word' id='word_1_226' title='bbox 836 3710 956 3798; x_wconf 87' lang='lat' dir='ltr'>Apulei</span> <span class='ocrx_word' id='word_1_227' title='bbox 980 3711 1099 3799; x_wconf 90' lang='lat' dir='ltr'>scripta</span> <span class='ocrx_word' id='word_1_228' title='bbox 1121 3723 1209 3779; x_wconf 90' lang='lat' dir='ltr'>recte</span> <span class='ocrx_word' id='word_1_229' title='bbox 1232 3713 1441 3801; x_wconf 89' lang='lat' dir='ltr'>disposui-</span> <span class='ocrx_word' id='word_1_230' title='bbox 1463 3724 1561 3780; x_wconf 90' lang='lat' dir='ltr'>meta-</span> 
     </span>
     <span class='ocr_line' id='line_1_30' title="bbox 461 3809 1563 3907; baseline -0.001 -23"><span class='ocrx_word' id='word_1_231' title='bbox 461 3819 675 3906; x_wconf 91' lang='lat' dir='ltr'>morphoseon</span> <span class='ocrx_word' id='word_1_232' title='bbox 708 3827 816 3883; x_wconf 90' lang='lat' dir='ltr'>autem</span> <span class='ocrx_word' id='word_1_233' title='bbox 848 3817 948 3882; x_wconf 91' lang='lat' dir='ltr'>libros</span> <span class='ocrx_word' id='word_1_234' title='bbox 981 3826 1055 3905; x_wconf 89' lang='lat' dir='ltr'>post</span> <span class='ocrx_word' id='word_1_235' title='bbox 1088 3809 1272 3905; x_wconf 83' lang='lat' dir='ltr'>apologiam</span> <span class='ocrx_word' id='word_1_236' title='bbox 1312 3820 1448 3907; x_wconf 88' lang='lat' dir='ltr'>scriptos</span> <span class='ocrx_word' id='word_1_237' title='bbox 1482 3841 1563 3904; x_wconf 87' lang='lat' dir='ltr'>esse,</span> 
     </span>
     <span class='ocr_line' id='line_1_31' title="bbox 461 3923 1563 4012; baseline 0.004 -24"><span class='ocrx_word' id='word_1_238' title='bbox 461 3923 622 3990; x_wconf 90' lang='lat' dir='ltr'>silentium</span> <span class='ocrx_word' id='word_1_239' title='bbox 650 3946 778 4010; x_wconf 90' lang='lat' dir='ltr'>quoque</span> <span class='ocrx_word' id='word_1_240' title='bbox 801 3934 1022 3990; x_wconf 87' lang='lat' dir='ltr'>accusatorum</span> <span class='ocrx_word' id='word_1_241' title='bbox 1047 3923 1086 3989; x_wconf 91' lang='lat' dir='ltr'>de</span> <span class='ocrx_word' id='word_1_242' title='bbox 1109 3925 1158 3990; x_wconf 92' lang='lat' dir='ltr'>his</span> <span class='ocrx_word' id='word_1_243' title='bbox 1181 3925 1271 3991; x_wconf 88' lang='lat' dir='ltr'>libris</span> <span class='ocrx_word' id='word_1_244' title='bbox 1293 3948 1401 3992; x_wconf 91' lang='lat' dir='ltr'>rerum</span> <span class='ocrx_word' id='word_1_245' title='bbox 1422 3924 1563 4012; x_wconf 87' lang='lat' dir='ltr'>magica-</span> 
     </span>
     <span class='ocr_line' id='line_1_32' title="bbox 460 4029 1562 4118; baseline 0.001 -22"><span class='ocrx_word' id='word_1_246' title='bbox 460 4054 533 4096; x_wconf 85' lang='lat' dir='ltr'>rum</span> <span class='ocrx_word' id='word_1_247' title='bbox 554 4029 748 4116; x_wconf 88' lang='lat' dir='ltr'>plenissimis</span> <span class='ocrx_word' id='word_1_248' title='bbox 771 4031 844 4095; x_wconf 86' lang='lat' dir='ltr'>luce</span> <span class='ocrx_word' id='word_1_249' title='bbox 867 4029 995 4113; x_wconf 90' lang='lat' dir='ltr'>clarius,</span> <span class='ocrx_word' id='word_1_250' title='bbox 1020 4029 1143 4117; x_wconf 87' lang='lat' dir='ltr'>opinor,</span> <span class='ocrx_word' id='word_1_251' title='bbox 1168 4031 1366 4097; x_wconf 89' lang='lat' dir='ltr'>demonstrat</span> <span class='ocrx_word' id='word_1_252' title='bbox 1387 4055 1446 4096; x_wconf 75' lang='grc' dir='ltr'>-ι</span> <span class='ocrx_word' id='word_1_253' title='bbox 1473 4032 1562 4118; x_wconf 82' lang='lat' dir='ltr'>Apu-</span> 
     </span>
     <span class='ocr_line' id='line_1_33' title="bbox 461 4134 1563 4224; baseline -0.001 -23"><span class='ocrx_word' id='word_1_254' title='bbox 461 4137 503 4201; x_wconf 90' lang='lat' dir='ltr'>lei</span> <span class='ocrx_word' id='word_1_255' title='bbox 535 4135 654 4223; x_wconf 87' lang='lat' dir='ltr'>scripta</span> <span class='ocrx_word' id='word_1_256' title='bbox 682 4144 815 4222; x_wconf 88' lang='lat' dir='ltr'>apparet</span> <span class='ocrx_word' id='word_1_257' title='bbox 842 4134 969 4221; x_wconf 89' lang='lat' dir='ltr'>insigne</span> <span class='ocrx_word' id='word_1_258' title='bbox 999 4135 1183 4221; x_wconf 84' lang='lat' dir='ltr'>exemplum</span> <span class='ocrx_word' id='word_1_259' title='bbox 1211 4157 1282 4202; x_wconf 88' lang='lat' dir='ltr'>esse</span> <span class='ocrx_word' id='word_1_260' title='bbox 1310 4136 1563 4224; x_wconf 88' lang='lat' dir='ltr'>ingravescentis</span> 
     </span>
     <span class='ocr_line' id='line_1_34' title="bbox 462 4240 1562 4328; baseline 0.002 -22"><span class='ocrx_word' id='word_1_261' title='bbox 462 4241 609 4306; x_wconf 89' lang='lat' dir='ltr'>dictionis</span> <span class='ocrx_word' id='word_1_262' title='bbox 633 4241 775 4320; x_wconf 84' lang='lat' dir='ltr'>Africae,</span> <span class='ocrx_word' id='word_1_263' title='bbox 799 4240 839 4305; x_wconf 90' lang='lat' dir='ltr'>ad</span> <span class='ocrx_word' id='word_1_264' title='bbox 861 4241 945 4306; x_wconf 90' lang='lat' dir='ltr'>hanc</span> <span class='ocrx_word' id='word_1_265' title='bbox 969 4248 1076 4306; x_wconf 90' lang='lat' dir='ltr'>autem</span> <span class='ocrx_word' id='word_1_266' title='bbox 1098 4241 1205 4328; x_wconf 88' lang='lat' dir='ltr'>quoad</span> <span class='ocrx_word' id='word_1_267' title='bbox 1224 4240 1448 4308; x_wconf 89' lang='lat' dir='ltr'>Madaurensis</span> <span class='ocrx_word' id='word_1_268' title='bbox 1471 4265 1562 4308; x_wconf 91' lang='lat' dir='ltr'>suum</span> 
     </span>
     <span class='ocr_line' id='line_1_35' title="bbox 462 4343 1561 4435; baseline 0.001 -23"><span class='ocrx_word' id='word_1_269' title='bbox 462 4343 622 4412; x_wconf 90' lang='lat' dir='ltr'>scribendi</span> <span class='ocrx_word' id='word_1_270' title='bbox 644 4369 746 4434; x_wconf 89' lang='lat' dir='ltr'>genus</span> <span class='ocrx_word' id='word_1_271' title='bbox 763 4345 929 4433; x_wconf 89' lang='lat' dir='ltr'>paullatim</span> <span class='ocrx_word' id='word_1_272' title='bbox 946 4346 1250 4430; x_wconf 87' lang='lat' dir='ltr'>accommodaverit,</span> <span class='ocrx_word' id='word_1_273' title='bbox 1274 4347 1472 4435; x_wconf 84' lang='lat' dir='ltr'>explieatmo</span> <span class='ocrx_word' id='word_1_274' title='bbox 1490 4371 1561 4435; x_wconf 92' lang='lat' dir='ltr'>pro-</span> 
     </span>
     <span class='ocr_line' id='line_1_36' title="bbox 460 4449 1100 4538; baseline 0 -22"><span class='ocrx_word' id='word_1_275' title='bbox 460 4451 668 4518; x_wconf 88' lang='lat' dir='ltr'>ficiscendum</span> <span class='ocrx_word' id='word_1_276' title='bbox 692 4474 763 4517; x_wconf 86' lang='lat' dir='ltr'>esse</span> <span class='ocrx_word' id='word_1_277' title='bbox 785 4452 826 4515; x_wconf 92' lang='lat' dir='ltr'>ab</span> <span class='ocrx_word' id='word_1_278' title='bbox 851 4449 918 4515; x_wconf 89' lang='lat' dir='ltr'>eius</span> <span class='ocrx_word' id='word_1_279' title='bbox 942 4450 1100 4538; x_wconf 87' lang='lat' dir='ltr'>apologia.</span> 
     </span>
    </p>
   </div>
   <div class='ocr_carea' id='block_1_5' title="bbox 0 0 1944 5559">
    <p class='ocr_par' dir='ltr' id='par_1_7' title="bbox 0 0 1944 5559">
     <span class='ocr_line' id='line_1_37' title="bbox 0 0 1944 5559; baseline 0 0"><span class='ocrx_word' id='word_1_280' title='bbox 0 0 1944 5559; x_wconf 95' lang='lat' dir='ltr'> </span> 
     </span>
    </p>
   </div>
  </div>
 </body>
</html>
