<?xml version="1.0" encoding="UTF-8"?>
<!DOCTYPE html PUBLIC "-//W3C//DTD XHTML 1.0 Transitional//EN"
    "http://www.w3.org/TR/xhtml1/DTD/xhtml1-transitional.dtd">
<html xmlns="http://www.w3.org/1999/xhtml" xml:lang="en" lang="en">
 <head>
  <title>
</title>
<meta http-equiv="Content-Type" content="text/html;charset=utf-8" />
  <meta name='ocr-system' content='tesseract 3.04.00' />
  <meta name='ocr-capabilities' content='ocr_page ocr_carea ocr_par ocr_line ocrx_word'/>
</head>
<body>
  <div class='ocr_page' id='page_1' title='image "./lapuleimadauren00krgoog_0101.png"; bbox 0 0 3867 5559; ppageno 0'>
   <div class='ocr_carea' id='block_1_1' title="bbox 315 739 1639 875">
    <p class='ocr_par' dir='ltr' id='par_1_1' title="bbox 315 739 1639 875">
     <span class='ocr_line' id='line_1_1' title="bbox 862 739 1496 812; baseline 0.005 -19"><span class='ocrx_word' id='word_1_1' title='bbox 862 739 1033 794; x_wconf 79' lang='lat' dir='ltr'>arenosis</span> <span class='ocrx_word' id='word_1_2' title='bbox 1195 807 1198 812; x_wconf 79' lang='lat'>.</span> <span class='ocrx_word' id='word_1_3' title='bbox 1456 739 1496 810; x_wconf 83' lang='lat'>69</span> 
     </span>
     <span class='ocr_line' id='line_1_2' title="bbox 315 820 1639 875; baseline 0.003 -5"><span class='ocrx_word' id='word_1_4' title='bbox 315 828 358 870; x_wconf 70' lang='lat' dir='ltr'>Ed.</span> <span class='ocrx_word' id='word_1_5' title='bbox 374 827 477 870; x_wconf 74' lang='lat' dir='ltr'>Oudend·</span> <span class='ocrx_word' id='word_1_6' title='bbox 1110 820 1116 832; x_wconf 72' lang='lat'>⁸</span> <span class='ocrx_word' id='word_1_7' title='bbox 1467 831 1551 875; x_wconf 59' lang='lat' dir='ltr'>tulta.</span> <span class='ocrx_word' id='word_1_8' title='bbox 1566 832 1639 874; x_wconf 74' lang='lat' dir='ltr'>aaut.</span> 
     </span>
    </p>
   </div>
   <div class='ocr_carea' id='block_1_2' title="bbox 312 892 1591 3098">
    <p class='ocr_par' dir='ltr' id='par_1_2' title="bbox 314 892 1490 1782">
     <span class='ocr_line' id='line_1_3' title="bbox 385 892 1490 970; baseline 0.006 -16"><span class='ocrx_word' id='word_1_9' title='bbox 385 893 512 956; x_wconf 91' lang='lat' dir='ltr'>tianuml</span> <span class='ocrx_word' id='word_1_10' title='bbox 532 895 605 958; x_wconf 88' lang='lat' dir='ltr'>nihil</span> <span class='ocrx_word' id='word_1_11' title='bbox 619 895 700 970; x_wconf 90' lang='lat' dir='ltr'>dicis,</span> <span class='ocrx_word' id='word_1_12' title='bbox 715 892 898 958; x_wconf 79' lang='lat' dir='ltr'>Aemiliane?</span> <span class='ocrx_word' id='word_1_13' title='bbox 919 910 982 956; x_wconf 92' lang='lat' dir='ltr'>non</span> <span class='ocrx_word' id='word_1_14' title='bbox 996 899 1041 955; x_wconf 91' lang='lat' dir='ltr'>est</span> <span class='ocrx_word' id='word_1_15' title='bbox 1054 893 1233 969; x_wconf 85' lang='lat' dir='ltr'>uerisimile,</span> <span class='ocrx_word' id='word_1_16' title='bbox 1248 895 1305 957; x_wconf 92' lang='lat' dir='ltr'>nisi</span> <span class='ocrx_word' id='word_1_17' title='bbox 1315 897 1392 959; x_wconf 88' lang='lat' dir='ltr'>lorte</span> <span class='ocrx_word' id='word_1_18' title='bbox 1403 897 1490 961; x_wconf 87' lang='lat' dir='ltr'>Cras-</span> 
     </span>
     <span class='ocr_line' id='line_1_4' title="bbox 386 995 1490 1075; baseline 0.005 -20"><span class='ocrx_word' id='word_1_19' title='bbox 386 1013 437 1057; x_wconf 86' lang='lat' dir='ltr'>sus</span> <span class='ocrx_word' id='word_1_20' title='bbox 451 1014 513 1059; x_wconf 93' lang='lat' dir='ltr'>non</span> <span class='ocrx_word' id='word_1_21' title='bbox 527 997 559 1059; x_wconf 92' lang='lat' dir='ltr'>in</span> <span class='ocrx_word' id='word_1_22' title='bbox 573 997 740 1059; x_wconf 82' lang='lat' dir='ltr'>cubiculum</span> <span class='ocrx_word' id='word_1_23' title='bbox 755 1015 892 1060; x_wconf 88' lang='lat' dir='ltr'>reuersus</span> <span class='ocrx_word' id='word_1_24' title='bbox 907 995 1043 1075; x_wconf 87' lang='lat' dir='ltr'>perrexit,</span> <span class='ocrx_word' id='word_1_25' title='bbox 1059 995 1111 1057; x_wconf 93' lang='lat' dir='ltr'>sed</span> <span class='ocrx_word' id='word_1_26' title='bbox 1126 1012 1180 1057; x_wconf 93' lang='lat' dir='ltr'>suo</span> <span class='ocrx_word' id='word_1_27' title='bbox 1195 1013 1279 1059; x_wconf 89' lang='lat' dir='ltr'>more</span> <span class='ocrx_word' id='word_1_28' title='bbox 1297 1004 1376 1058; x_wconf 87' lang='lat' dir='ltr'>recta</span> <span class='ocrx_word' id='word_1_29' title='bbox 1391 999 1426 1060; x_wconf 87' lang='lat' dir='ltr'>ad</span> <span class='ocrx_word' id='word_1_30' title='bbox 1441 1001 1490 1061; x_wconf 87' lang='lat' dir='ltr'>fo-</span> 
     </span>
     <span class='ocr_line' id='line_1_5' title="bbox 314 1096 1490 1177; baseline 0.002 -18"><span class='ocrx_word' id='word_1_31' title='bbox 314 1118 372 1171; x_wconf 77' lang='lat' dir='ltr'>(aaa)</span> <span class='ocrx_word' id='word_1_32' title='bbox 386 1116 463 1160; x_wconf 91' lang='lat' dir='ltr'>cum.</span> <span class='ocrx_word' id='word_1_33' title='bbox 492 1099 570 1161; x_wconf 89' lang='lat' dir='ltr'>unde</span> <span class='ocrx_word' id='word_1_34' title='bbox 585 1105 683 1160; x_wconf 87' lang='lat' dir='ltr'>autem</span> <span class='ocrx_word' id='word_1_35' title='bbox 697 1117 802 1160; x_wconf 88' lang='lat' dir='ltr'>seruus</span> <span class='ocrx_word' id='word_1_36' title='bbox 817 1096 913 1159; x_wconf 81' lang='lat' dir='ltr'>Crassi</span> <span class='ocrx_word' id='word_1_37' title='bbox 933 1096 1097 1175; x_wconf 90' lang='lat' dir='ltr'>suspicatus</span> <span class='ocrx_word' id='word_1_38' title='bbox 1118 1102 1172 1170; x_wconf 89' lang='lat' dir='ltr'>est,</span> <span class='ocrx_word' id='word_1_39' title='bbox 1193 1102 1283 1158; x_wconf 87' lang='lat' dir='ltr'>noctu</span> <span class='ocrx_word' id='word_1_40' title='bbox 1302 1099 1490 1177; x_wconf 90' lang='lat' dir='ltr'>potissimum</span> 
     </span>
     <span class='ocr_line' id='line_1_6' title="bbox 385 1193 1490 1279; baseline 0.003 -19"><span class='ocrx_word' id='word_1_41' title='bbox 385 1200 509 1278; x_wconf 89' lang='lat' dir='ltr'>parietes</span> <span class='ocrx_word' id='word_1_42' title='bbox 524 1196 704 1279; x_wconf 77' lang='lat' dir='ltr'>fumigatos?</span> <span class='ocrx_word' id='word_1_43' title='bbox 726 1217 764 1260; x_wconf 89' lang='lat' dir='ltr'>an</span> <span class='ocrx_word' id='word_1_44' title='bbox 778 1219 813 1261; x_wconf 88' lang='lat' dir='ltr'>ex</span> <span class='ocrx_word' id='word_1_45' title='bbox 827 1198 902 1260; x_wconf 88' lang='lat' dir='ltr'>fumi</span> <span class='ocrx_word' id='word_1_46' title='bbox 916 1193 1038 1259; x_wconf 79' lang='lat' dir='ltr'>colore?</span> <span class='ocrx_word' id='word_1_47' title='bbox 1063 1196 1197 1259; x_wconf 86' lang='lat' dir='ltr'>uidelicet</span> <span class='ocrx_word' id='word_1_48' title='bbox 1210 1198 1312 1260; x_wconf 84' lang='lat' dir='ltr'>fumus</span> <span class='ocrx_word' id='word_1_49' title='bbox 1326 1206 1490 1264; x_wconf 90' lang='lat' dir='ltr'>nocturnus</span> 
     </span>
     <span class='ocr_line' id='line_1_7' title="bbox 348 1284 1489 1380; baseline -0.002 -16"><span class='ocrx_word' id='word_1_50' title='bbox 348 1314 364 1364; x_wconf 78' lang='lat'><strong>5</strong></span> <span class='ocrx_word' id='word_1_51' title='bbox 384 1284 495 1380; x_wconf 62' lang='lat' dir='ltr'>nigrior</span> <span class='ocrx_word' id='word_1_52' title='bbox 509 1307 661 1379; x_wconf 84' lang='lat' dir='ltr'>esteoque</span> <span class='ocrx_word' id='word_1_53' title='bbox 675 1298 780 1360; x_wconf 90' lang='lat' dir='ltr'>diurno</span> <span class='ocrx_word' id='word_1_54' title='bbox 800 1299 884 1360; x_wconf 85' lang='lat' dir='ltr'>fumo</span> <span class='ocrx_word' id='word_1_55' title='bbox 905 1296 1010 1358; x_wconf 82' lang='lat' dir='ltr'>differt.</span> <span class='ocrx_word' id='word_1_56' title='bbox 1040 1314 1094 1359; x_wconf 89' lang='lat' dir='ltr'>eur</span> <span class='ocrx_word' id='word_1_57' title='bbox 1112 1305 1211 1360; x_wconf 89' lang='lat' dir='ltr'>autem</span> <span class='ocrx_word' id='word_1_58' title='bbox 1231 1301 1365 1380; x_wconf 79' lang='lat' dir='ltr'>suspicax</span> <span class='ocrx_word' id='word_1_59' title='bbox 1384 1320 1489 1364; x_wconf 89' lang='lat' dir='ltr'>seruus</span> 
     </span>
     <span class='ocr_line' id='line_1_8' title="bbox 383 1398 1490 1480; baseline 0.004 -20"><span class='ocrx_word' id='word_1_60' title='bbox 383 1419 417 1462; x_wconf 93' lang='lat' dir='ltr'>ac</span> <span class='ocrx_word' id='word_1_61' title='bbox 431 1407 491 1461; x_wconf 91' lang='lat' dir='ltr'>tam</span> <span class='ocrx_word' id='word_1_62' title='bbox 507 1400 627 1479; x_wconf 81' lang='lat' dir='ltr'>diligens</span> <span class='ocrx_word' id='word_1_63' title='bbox 642 1417 748 1479; x_wconf 90' lang='lat' dir='ltr'>passus</span> <span class='ocrx_word' id='word_1_64' title='bbox 768 1405 822 1472; x_wconf 91' lang='lat' dir='ltr'>est,</span> <span class='ocrx_word' id='word_1_65' title='bbox 844 1398 1036 1471; x_wconf 83' lang='lat' dir='ltr'>Quintianum</span> <span class='ocrx_word' id='word_1_66' title='bbox 1054 1398 1181 1478; x_wconf 79' lang='lat' dir='ltr'>migrare</span> <span class='ocrx_word' id='word_1_67' title='bbox 1195 1401 1277 1479; x_wconf 90' lang='lat' dir='ltr'>prius</span> <span class='ocrx_word' id='word_1_68' title='bbox 1292 1419 1379 1480; x_wconf 91' lang='lat' dir='ltr'>quam</span> <span class='ocrx_word' id='word_1_69' title='bbox 1399 1420 1490 1464; x_wconf 92' lang='lat' dir='ltr'>mun-</span> 
     </span>
     <span class='ocr_line' id='line_1_9' title="bbox 384 1496 1489 1581; baseline 0.003 -18"><span class='ocrx_word' id='word_1_70' title='bbox 384 1501 451 1564; x_wconf 89' lang='lat' dir='ltr'>dam</span> <span class='ocrx_word' id='word_1_71' title='bbox 466 1501 589 1562; x_wconf 91' lang='lat' dir='ltr'>domum</span> <span class='ocrx_word' id='word_1_72' title='bbox 603 1496 760 1562; x_wconf 75' lang='lat' dir='ltr'>redderet?</span> <span class='ocrx_word' id='word_1_73' title='bbox 783 1517 836 1560; x_wconf 89' lang='lat' dir='ltr'>cur</span> <span class='ocrx_word' id='word_1_74' title='bbox 854 1499 919 1560; x_wconf 91' lang='lat' dir='ltr'>illac</span> <span class='ocrx_word' id='word_1_75' title='bbox 940 1499 1058 1579; x_wconf 89' lang='lat' dir='ltr'>plumae</span> <span class='ocrx_word' id='word_1_76' title='bbox 1078 1499 1160 1578; x_wconf 88' lang='lat' dir='ltr'>quasi</span> <span class='ocrx_word' id='word_1_77' title='bbox 1179 1501 1333 1581; x_wconf 81' lang='lat' dir='ltr'>plumbeae</span> <span class='ocrx_word' id='word_1_78' title='bbox 1356 1505 1406 1581; x_wconf 91' lang='lat' dir='ltr'>[ac]</span> <span class='ocrx_word' id='word_1_79' title='bbox 1428 1511 1489 1566; x_wconf 90' lang='lat' dir='ltr'>tam</span> 
     </span>
     <span class='ocr_line' id='line_1_10' title="bbox 383 1581 1489 1667; baseline 0.004 -4"><span class='ocrx_word' id='word_1_80' title='bbox 383 1602 434 1665; x_wconf 90' lang='lat' dir='ltr'>diu</span> <span class='ocrx_word' id='word_1_81' title='bbox 451 1601 489 1663; x_wconf 91' lang='lat' dir='ltr'>ad</span> <span class='ocrx_word' id='word_1_82' title='bbox 509 1581 670 1663; x_wconf 84' lang='lat' dir='ltr'>aduentum</span> <span class='ocrx_word' id='word_1_83' title='bbox 685 1600 781 1662; x_wconf 83' lang='lat' dir='ltr'>Crassi</span> <span class='ocrx_word' id='word_1_84' title='bbox 801 1597 995 1662; x_wconf 80' lang='lat' dir='ltr'>manserunt?</span> <span class='ocrx_word' id='word_1_85' title='bbox 1021 1617 1083 1662; x_wconf 90' lang='lat' dir='ltr'>non</span> <span class='ocrx_word' id='word_1_86' title='bbox 1109 1601 1258 1664; x_wconf 81' lang='lat' dir='ltr'>insimulet</span> <span class='ocrx_word' id='word_1_87' title='bbox 1277 1603 1400 1665; x_wconf 81' lang='lat' dir='ltr'>Crassus</span> <span class='ocrx_word' id='word_1_88' title='bbox 1425 1622 1489 1667; x_wconf 90' lang='lat' dir='ltr'>ser·</span> 
     </span>
     <span class='ocr_line' id='line_1_11' title="bbox 382 1701 1489 1782; baseline 0 -16"><span class='ocrx_word' id='word_1_89' title='bbox 382 1721 455 1766; x_wconf 90' lang='lat' dir='ltr'>uum</span> <span class='ocrx_word' id='word_1_90' title='bbox 470 1721 573 1765; x_wconf 91' lang='lat' dir='ltr'>suum:</span> <span class='ocrx_word' id='word_1_91' title='bbox 588 1703 652 1782; x_wconf 91' lang='lat' dir='ltr'>ipse</span> <span class='ocrx_word' id='word_1_92' title='bbox 665 1702 737 1763; x_wconf 88' lang='lat' dir='ltr'>hace</span> <span class='ocrx_word' id='word_1_93' title='bbox 750 1701 850 1781; x_wconf 89' lang='lat' dir='ltr'>potius</span> <span class='ocrx_word' id='word_1_94' title='bbox 864 1701 901 1762; x_wconf 89' lang='lat' dir='ltr'>de</span> <span class='ocrx_word' id='word_1_95' title='bbox 914 1701 1035 1780; x_wconf 82' lang='lat' dir='ltr'>fidigine</span> <span class='ocrx_word' id='word_1_96' title='bbox 1050 1708 1078 1763; x_wconf 85' lang='lat' dir='ltr'>et</span> <span class='ocrx_word' id='word_1_97' title='bbox 1088 1702 1186 1781; x_wconf 90' lang='lat' dir='ltr'>pinnis</span> <span class='ocrx_word' id='word_1_98' title='bbox 1198 1703 1338 1765; x_wconf 89' lang='lat' dir='ltr'>mentitus</span> <span class='ocrx_word' id='word_1_99' title='bbox 1349 1711 1402 1780; x_wconf 90' lang='lat' dir='ltr'>est,</span> <span class='ocrx_word' id='word_1_100' title='bbox 1417 1704 1489 1766; x_wconf 94' lang='lat' dir='ltr'>dum</span> 
     </span>
    </p>

    <p class='ocr_par' dir='ltr' id='par_1_3' title="bbox 331 1801 1407 1885">
     <span class='ocr_line' id='line_1_12' title="bbox 331 1801 1407 1885; baseline -0.005 -13"><span class='ocrx_word' id='word_1_101' title='bbox 331 1808 363 1872; x_wconf 81' lang='lat' dir='ltr'>td</span> <span class='ocrx_word' id='word_1_102' title='bbox 383 1822 445 1867; x_wconf 90' lang='lat' dir='ltr'>non</span> <span class='ocrx_word' id='word_1_103' title='bbox 458 1810 557 1885; x_wconf 88' lang='lat' dir='ltr'>petest</span> <span class='ocrx_word' id='word_1_104' title='bbox 570 1821 625 1865; x_wconf 90' lang='lat' dir='ltr'>nec</span> <span class='ocrx_word' id='word_1_105' title='bbox 638 1803 669 1865; x_wconf 94' lang='lat' dir='ltr'>in</span> <span class='ocrx_word' id='word_1_106' title='bbox 683 1801 853 1863; x_wconf 89' lang='lat' dir='ltr'>testimonie</span> <span class='ocrx_word' id='word_1_107' title='bbox 868 1801 964 1863; x_wconf 90' lang='lat' dir='ltr'>dando</span> <span class='ocrx_word' id='word_1_108' title='bbox 980 1802 1128 1865; x_wconf 88' lang='lat' dir='ltr'>discedere</span> <span class='ocrx_word' id='word_1_109' title='bbox 1142 1804 1258 1884; x_wconf 84' lang='lat' dir='ltr'>longius</span> <span class='ocrx_word' id='word_1_110' title='bbox 1273 1823 1289 1866; x_wconf 94' lang='lat' dir='ltr'>a</span> <span class='ocrx_word' id='word_1_111' title='bbox 1304 1805 1407 1867; x_wconf 88' lang='lat' dir='ltr'>culina.</span> 
     </span>
    </p>

    <p class='ocr_par' dir='ltr' id='par_1_4' title="bbox 381 1902 1591 2287">
     <span class='ocr_line' id='line_1_13' title="bbox 466 1902 1591 1987; baseline 0.004 -20"><span class='ocrx_word' id='word_1_112' title='bbox 466 1905 526 1967; x_wconf 89' lang='lat' dir='ltr'>Cur</span> <span class='ocrx_word' id='word_1_113' title='bbox 540 1912 639 1966; x_wconf 88' lang='lat' dir='ltr'>autem</span> <span class='ocrx_word' id='word_1_114' title='bbox 652 1903 857 1966; x_wconf 88' lang='lat' dir='ltr'>testimonium</span> <span class='ocrx_word' id='word_1_115' title='bbox 877 1922 912 1964; x_wconf 93' lang='lat' dir='ltr'>ex</span> <span class='ocrx_word' id='word_1_116' title='bbox 932 1903 1028 1965; x_wconf 88' lang='lat' dir='ltr'>libello</span> <span class='ocrx_word' id='word_1_117' title='bbox 1049 1902 1181 1984; x_wconf 76' lang='lat' dir='ltr'>legistis?</span> <span class='ocrx_word' id='word_1_118' title='bbox 1208 1905 1331 1968; x_wconf 77' lang='lat' dir='ltr'>Crassus</span> <span class='ocrx_word' id='word_1_119' title='bbox 1353 1907 1417 1987; x_wconf 92' lang='lat' dir='ltr'>ipse</span> <span class='ocrx_word' id='word_1_120' title='bbox 1436 1906 1486 1968; x_wconf 93' lang='lat' dir='ltr'>ubi</span> <span class='ocrx_word' id='word_1_121' title='bbox 1504 1921 1591 1975; x_wconf 71' lang='lat' dir='ltr'>bullit</span> 
     </span>
     <span class='ocr_line' id='line_1_14' title="bbox 382 1989 1487 2088; baseline 0 -20"><span class='ocrx_word' id='word_1_122' title='bbox 382 2006 511 2087; x_wconf 81' lang='lat' dir='ltr'>gentium</span> <span class='ocrx_word' id='word_1_123' title='bbox 527 2004 596 2067; x_wconf 75' lang='lat' dir='ltr'>est?</span> <span class='ocrx_word' id='word_1_124' title='bbox 619 2023 657 2067; x_wconf 92' lang='lat' dir='ltr'>an</span> <span class='ocrx_word' id='word_1_125' title='bbox 670 2004 874 2066; x_wconf 82' lang='lat' dir='ltr'>Alexandriam</span> <span class='ocrx_word' id='word_1_126' title='bbox 888 1989 985 2066; x_wconf 89' lang='lat' dir='ltr'>taedio</span> <span class='ocrx_word' id='word_1_127' title='bbox 1000 2005 1108 2066; x_wconf 89' lang='lat' dir='ltr'>domus</span> <span class='ocrx_word' id='word_1_128' title='bbox 1121 2004 1287 2068; x_wconf 76' lang='lat' dir='ltr'>remeauit?</span> <span class='ocrx_word' id='word_1_129' title='bbox 1310 2025 1347 2068; x_wconf 93' lang='lat' dir='ltr'>an</span> <span class='ocrx_word' id='word_1_130' title='bbox 1361 2008 1487 2088; x_wconf 91' lang='lat' dir='ltr'>parietes</span> 
     </span>
     <span class='ocr_line' id='line_1_15' title="bbox 382 2104 1574 2189; baseline -0.002 -19"><span class='ocrx_word' id='word_1_131' title='bbox 382 2126 453 2170; x_wconf 91' lang='lat' dir='ltr'>suos</span> <span class='ocrx_word' id='word_1_132' title='bbox 469 2104 613 2186; x_wconf 74' lang='lat' dir='ltr'>detergit?</span> <span class='ocrx_word' id='word_1_133' title='bbox 636 2124 683 2180; x_wconf 92' lang='lat' dir='ltr'>an,</span> <span class='ocrx_word' id='word_1_134' title='bbox 700 2106 779 2185; x_wconf 91' lang='lat' dir='ltr'>quod</span> <span class='ocrx_word' id='word_1_135' title='bbox 794 2106 893 2167; x_wconf 89' lang='lat' dir='ltr'>uerius</span> <span class='ocrx_word' id='word_1_136' title='bbox 908 2112 962 2180; x_wconf 91' lang='lat' dir='ltr'>est,</span> <span class='ocrx_word' id='word_1_137' title='bbox 979 2124 1014 2167; x_wconf 87' lang='lat' dir='ltr'>ex</span> <span class='ocrx_word' id='word_1_138' title='bbox 1026 2106 1145 2185; x_wconf 89' lang='lat' dir='ltr'>crapula</span> <span class='ocrx_word' id='word_1_139' title='bbox 1158 2107 1257 2168; x_wconf 91' lang='lat' dir='ltr'>helluo</span> <span class='ocrx_word' id='word_1_140' title='bbox 1273 2106 1487 2188; x_wconf 77' lang='lat' dir='ltr'>attemptatur?</span> <span class='ocrx_word' id='word_1_141' title='bbox 1571 2183 1574 2189; x_wconf 92' lang='lat'>.</span> 
     </span>
     <span class='ocr_line' id='line_1_16' title="bbox 381 2206 1488 2287; baseline 0.001 -17"><span class='ocrx_word' id='word_1_142' title='bbox 381 2227 450 2270; x_wconf 89' lang='lat' dir='ltr'>nam</span> <span class='ocrx_word' id='word_1_143' title='bbox 466 2208 601 2287; x_wconf 81' lang='lat' dir='ltr'>equidem</span> <span class='ocrx_word' id='word_1_144' title='bbox 615 2209 663 2268; x_wconf 92' lang='lat' dir='ltr'>hie</span> <span class='ocrx_word' id='word_1_145' title='bbox 678 2206 816 2269; x_wconf 89' lang='lat' dir='ltr'>Sabratae</span> <span class='ocrx_word' id='word_1_146' title='bbox 831 2225 898 2268; x_wconf 88' lang='lat' dir='ltr'>eum</span> <span class='ocrx_word' id='word_1_147' title='bbox 912 2207 1050 2268; x_wconf 90' lang='lat' dir='ltr'>hesterna</span> <span class='ocrx_word' id='word_1_148' title='bbox 1070 2207 1115 2268; x_wconf 91' lang='lat' dir='ltr'>die</span> <span class='ocrx_word' id='word_1_149' title='bbox 1131 2208 1323 2270; x_wconf 87' lang='lat' dir='ltr'>animaduerti</span> <span class='ocrx_word' id='word_1_150' title='bbox 1341 2209 1411 2270; x_wconf 92' lang='lat' dir='ltr'>satis</span> <span class='ocrx_word' id='word_1_151' title='bbox 1430 2226 1488 2271; x_wconf 89' lang='lat' dir='ltr'>no-</span> 
     </span>
    </p>

    <p class='ocr_par' dir='ltr' id='par_1_5' title="bbox 312 2288 1488 3098">
     <span class='ocr_line' id='line_1_17' title="bbox 312 2288 1487 2409; baseline 0.001 -38"><span class='ocrx_word' id='word_1_152' title='bbox 312 2288 370 2409; x_wconf 52' lang='lat'><strong>(522)</strong></span> <span class='ocrx_word' id='word_1_153' title='bbox 383 2310 510 2372; x_wconf 89' lang='lat' dir='ltr'>tabiliter</span> <span class='ocrx_word' id='word_1_154' title='bbox 523 2309 554 2369; x_wconf 96' lang='lat' dir='ltr'>in</span> <span class='ocrx_word' id='word_1_155' title='bbox 567 2309 664 2370; x_wconf 90' lang='lat' dir='ltr'>medio</span> <span class='ocrx_word' id='word_1_156' title='bbox 680 2310 747 2370; x_wconf 85' lang='lat' dir='ltr'>foro</span> <span class='ocrx_word' id='word_1_157' title='bbox 761 2307 824 2382; x_wconf 87' lang='lat' dir='ltr'>tibi,</span> <span class='ocrx_word' id='word_1_158' title='bbox 838 2305 1008 2381; x_wconf 82' lang='lat' dir='ltr'>Aemiliane,</span> <span class='ocrx_word' id='word_1_159' title='bbox 1025 2308 1237 2370; x_wconf 86' lang='lat' dir='ltr'>obructantem.</span> <span class='ocrx_word' id='word_1_160' title='bbox 1268 2327 1374 2387; x_wconf 90' lang='lat' dir='ltr'>quaere</span> <span class='ocrx_word' id='word_1_161' title='bbox 1394 2327 1411 2371; x_wconf 92' lang='lat' dir='ltr'>a</span> <span class='ocrx_word' id='word_1_162' title='bbox 1430 2328 1487 2372; x_wconf 91' lang='lat' dir='ltr'>no-</span> 
     </span>
     <span class='ocr_line' id='line_1_18' title="bbox 312 2408 1487 2490; baseline -0.002 -16"><span class='ocrx_word' id='word_1_163' title='bbox 312 2433 369 2486; x_wconf 78' lang='lat' dir='ltr'>pae)</span> <span class='ocrx_word' id='word_1_164' title='bbox 384 2410 612 2474; x_wconf 90' lang='lat' dir='ltr'>menclatoribus</span> <span class='ocrx_word' id='word_1_165' title='bbox 626 2409 695 2483; x_wconf 87' lang='lat' dir='ltr'>tuis,</span> <span class='ocrx_word' id='word_1_166' title='bbox 715 2409 847 2482; x_wconf 83' lang='lat' dir='ltr'>Maxime,</span> <span class='ocrx_word' id='word_1_167' title='bbox 867 2426 1046 2489; x_wconf 89' lang='lat' dir='ltr'>quamquam</span> <span class='ocrx_word' id='word_1_168' title='bbox 1066 2415 1111 2471; x_wconf 93' lang='lat' dir='ltr'>est</span> <span class='ocrx_word' id='word_1_169' title='bbox 1129 2408 1176 2470; x_wconf 91' lang='lat' dir='ltr'>ille</span> <span class='ocrx_word' id='word_1_170' title='bbox 1197 2411 1379 2490; x_wconf 84' lang='lat' dir='ltr'>cauponibus</span> <span class='ocrx_word' id='word_1_171' title='bbox 1398 2428 1487 2489; x_wconf 77' lang='lat' dir='ltr'>quiam</span> 
     </span>
     <span class='ocr_line' id='line_1_19' title="bbox 332 2510 1486 2590; baseline -0.002 -15"><span class='ocrx_word' id='word_1_172' title='bbox 332 2575 335 2583; x_wconf 84' lang='grc'><em>,</em></span> <span class='ocrx_word' id='word_1_173' title='bbox 381 2510 650 2575; x_wconf 87' lang='lat' dir='ltr'>nomenclatoribus</span> <span class='ocrx_word' id='word_1_174' title='bbox 665 2511 773 2584; x_wconf 87' lang='lat' dir='ltr'>notior,</span> <span class='ocrx_word' id='word_1_175' title='bbox 788 2518 897 2584; x_wconf 70' lang='lat' dir='ltr'>umen,</span> <span class='ocrx_word' id='word_1_176' title='bbox 917 2510 1049 2590; x_wconf 90' lang='lat' dir='ltr'>inquam,</span> <span class='ocrx_word' id='word_1_177' title='bbox 1068 2511 1225 2590; x_wconf 85' lang='lat' dir='ltr'>interroga,</span> <span class='ocrx_word' id='word_1_178' title='bbox 1246 2527 1284 2571; x_wconf 93' lang='lat' dir='ltr'>an</span> <span class='ocrx_word' id='word_1_179' title='bbox 1302 2512 1350 2573; x_wconf 90' lang='lat' dir='ltr'>hie</span> <span class='ocrx_word' id='word_1_180' title='bbox 1368 2512 1486 2573; x_wconf 89' lang='lat' dir='ltr'>lunium</span> 
     </span>
     <span class='ocr_line' id='line_1_20' title="bbox 382 2608 1487 2692; baseline 0 -17"><span class='ocrx_word' id='word_1_181' title='bbox 382 2613 520 2675; x_wconf 89' lang='lat' dir='ltr'>Crassum</span> <span class='ocrx_word' id='word_1_182' title='bbox 536 2610 679 2673; x_wconf 87' lang='lat' dir='ltr'>Oeensem</span> <span class='ocrx_word' id='word_1_183' title='bbox 693 2608 846 2672; x_wconf 77' lang='lat' dir='ltr'>uiderint?</span> <span class='ocrx_word' id='word_1_184' title='bbox 869 2628 931 2672; x_wconf 89' lang='lat' dir='ltr'>uon</span> <span class='ocrx_word' id='word_1_185' title='bbox 944 2612 1101 2692; x_wconf 85' lang='lat' dir='ltr'>negabunt.</span> <span class='ocrx_word' id='word_1_186' title='bbox 1131 2612 1264 2674; x_wconf 86' lang='lat' dir='ltr'>exhibeat</span> <span class='ocrx_word' id='word_1_187' title='bbox 1282 2613 1368 2675; x_wconf 91' lang='lat' dir='ltr'>nobis</span> <span class='ocrx_word' id='word_1_188' title='bbox 1386 2612 1487 2675; x_wconf 82' lang='lat' dir='ltr'>Aemi-</span> 
     </span>
     <span class='ocr_line' id='line_1_21' title="bbox 381 2712 1488 2793; baseline -0.003 -16"><span class='ocrx_word' id='word_1_189' title='bbox 381 2715 475 2776; x_wconf 88' lang='lat' dir='ltr'>lianus</span> <span class='ocrx_word' id='word_1_190' title='bbox 494 2712 632 2773; x_wconf 91' lang='lat' dir='ltr'>iuuenem</span> <span class='ocrx_word' id='word_1_191' title='bbox 650 2712 910 2785; x_wconf 89' lang='lat' dir='ltr'>honestissimum,</span> <span class='ocrx_word' id='word_1_192' title='bbox 925 2713 1008 2774; x_wconf 91' lang='lat' dir='ltr'>cuius</span> <span class='ocrx_word' id='word_1_193' title='bbox 1027 2713 1196 2775; x_wconf 89' lang='lat' dir='ltr'>testimonio</span> <span class='ocrx_word' id='word_1_194' title='bbox 1219 2713 1330 2775; x_wconf 91' lang='lat' dir='ltr'>nititur.</span> <span class='ocrx_word' id='word_1_195' title='bbox 1361 2715 1430 2793; x_wconf 84' lang='lat' dir='ltr'>quid</span> <span class='ocrx_word' id='word_1_196' title='bbox 1450 2715 1488 2776; x_wconf 90' lang='lat' dir='ltr'>sit</span> 
     </span>
     <span class='ocr_line' id='line_1_22' title="bbox 329 2812 1485 2889; baseline -0.003 -8"><span class='ocrx_word' id='word_1_197' title='bbox 329 2831 364 2881; x_wconf 76' lang='lat' dir='ltr'>to</span> <span class='ocrx_word' id='word_1_198' title='bbox 383 2815 439 2877; x_wconf 88' lang='lat' dir='ltr'>diei</span> <span class='ocrx_word' id='word_1_199' title='bbox 453 2814 550 2875; x_wconf 91' lang='lat' dir='ltr'>uides:</span> <span class='ocrx_word' id='word_1_200' title='bbox 574 2812 638 2875; x_wconf 91' lang='lat' dir='ltr'>dico</span> <span class='ocrx_word' id='word_1_201' title='bbox 654 2812 793 2875; x_wconf 90' lang='lat' dir='ltr'>Crassum</span> <span class='ocrx_word' id='word_1_202' title='bbox 806 2813 866 2873; x_wconf 91' lang='lat' dir='ltr'>iam</span> <span class='ocrx_word' id='word_1_203' title='bbox 881 2812 995 2874; x_wconf 91' lang='lat' dir='ltr'>dudum</span> <span class='ocrx_word' id='word_1_204' title='bbox 1015 2813 1128 2875; x_wconf 91' lang='lat' dir='ltr'>ebrium</span> <span class='ocrx_word' id='word_1_205' title='bbox 1143 2821 1276 2889; x_wconf 83' lang='lat' dir='ltr'>stertere,</span> <span class='ocrx_word' id='word_1_206' title='bbox 1292 2821 1342 2876; x_wconf 86' lang='lat' dir='ltr'>aut</span> <span class='ocrx_word' id='word_1_207' title='bbox 1356 2816 1485 2877; x_wconf 90' lang='lat' dir='ltr'>seeundo</span> 
     </span>
     <span class='ocr_line' id='line_1_23' title="bbox 381 2910 1485 3003; baseline 0 -25"><span class='ocrx_word' id='word_1_208' title='bbox 381 2918 497 2978; x_wconf 90' lang='lat' dir='ltr'>lauacro</span> <span class='ocrx_word' id='word_1_209' title='bbox 513 2915 548 2976; x_wconf 92' lang='lat' dir='ltr'>ad</span> <span class='ocrx_word' id='word_1_210' title='bbox 563 2915 676 2995; x_wconf 86' lang='lat' dir='ltr'>repotia</span> <span class='ocrx_word' id='word_1_211' title='bbox 691 2931 778 2975; x_wconf 90' lang='lat' dir='ltr'>cenae</span> <span class='ocrx_word' id='word_1_212' title='bbox 793 2913 928 3003; x_wconf 89' lang='lat' dir='ltr'>obeunda</span> <span class='ocrx_word' id='word_1_213' title='bbox 942 2914 1129 2976; x_wconf 83' lang='lat' dir='ltr'>uinrrlentum</span> <span class='ocrx_word' id='word_1_214' title='bbox 1143 2910 1156 2999; x_wconf 88' lang='grc' dir='ltr'>ΙΙ</span> <span class='ocrx_word' id='word_1_215' title='bbox 1172 2916 1312 2980; x_wconf 89' lang='lat' dir='ltr'>sudorem</span> <span class='ocrx_word' id='word_1_216' title='bbox 1330 2916 1362 2977; x_wconf 90' lang='lat' dir='ltr'>in</span> <span class='ocrx_word' id='word_1_217' title='bbox 1380 2917 1485 2978; x_wconf 87' lang='lat' dir='ltr'>balneo</span> 
     </span>
     <span class='ocr_line' id='line_1_24' title="bbox 382 3004 1487 3098; baseline -0.002 -19"><span class='ocrx_word' id='word_1_218' title='bbox 382 3015 533 3080; x_wconf 87' lang='lat' dir='ltr'>desudare.</span> <span class='ocrx_word' id='word_1_219' title='bbox 562 3017 703 3087; x_wconf 68' lang='lat' dir='ltr'>buum,</span> <span class='ocrx_word' id='word_1_220' title='bbox 723 3013 860 3090; x_wconf 83' lang='lat' dir='ltr'>Maxime,</span> <span class='ocrx_word' id='word_1_221' title='bbox 879 3034 1020 3096; x_wconf 89' lang='lat' dir='ltr'>praesens</span> <span class='ocrx_word' id='word_1_222' title='bbox 1039 3035 1093 3097; x_wconf 80' lang='lat' dir='ltr'>per</span> <span class='ocrx_word' id='word_1_223' title='bbox 1111 3004 1241 3080; x_wconf 87' lang='lat' dir='ltr'>libellum</span> <span class='ocrx_word' id='word_1_224' title='bbox 1260 3008 1400 3098; x_wconf 75' lang='lat' dir='ltr'>loquutur,</span> <span class='ocrx_word' id='word_1_225' title='bbox 1424 3008 1487 3080; x_wconf 87' lang='lat' dir='ltr'>non</span> 
     </span>
    </p>
   </div>
   <div class='ocr_carea' id='block_1_3' title="bbox 379 3229 1487 3624">
    <p class='ocr_par' dir='ltr' id='par_1_6' title="bbox 379 3229 1487 3624">
     <span class='ocr_line' id='line_1_25' title="bbox 451 3229 1486 3304; baseline 0.002 -18"><span class='ocrx_word' id='word_1_226' title='bbox 451 3234 589 3301; x_wconf 72' lang='lat' dir='ltr'>lnicbilp</span> <span class='ocrx_word' id='word_1_227' title='bbox 615 3232 620 3299; x_wconf 93' lang='grc' dir='ltr'>Ι</span> <span class='ocrx_word' id='word_1_228' title='bbox 646 3233 851 3285; x_wconf 68' lang='lat' dir='ltr'>aernaiuilelt</span> <span class='ocrx_word' id='word_1_229' title='bbox 874 3233 885 3303; x_wconf 89' lang='grc' dir='ltr'>Ι</span> <span class='ocrx_word' id='word_1_230' title='bbox 906 3229 929 3287; x_wconf 70' lang='grc' dir='ltr'>Δ2</span> <span class='ocrx_word' id='word_1_231' title='bbox 946 3238 1086 3289; x_wconf 63' lang='lat' dir='ltr'>calanen</span> <span class='ocrx_word' id='word_1_232' title='bbox 1103 3237 1129 3286; x_wconf 92' lang='lat' dir='ltr'>in</span> <span class='ocrx_word' id='word_1_233' title='bbox 1144 3239 1207 3304; x_wconf 77' lang='lat' dir='ltr'>iarp</span> <span class='ocrx_word' id='word_1_234' title='bbox 1223 3251 1365 3304; x_wconf 79' lang='lat' dir='ltr'>suprascr.</span> <span class='ocrx_word' id='word_1_235' title='bbox 1379 3251 1486 3288; x_wconf 87' lang='lat' dir='ltr'>amaau</span> 
     </span>
     <span class='ocr_line' id='line_1_26' title="bbox 381 3311 1485 3384; baseline -0.002 -17"><span class='ocrx_word' id='word_1_236' title='bbox 381 3331 431 3368; x_wconf 82' lang='lat' dir='ltr'>rec.</span> <span class='ocrx_word' id='word_1_237' title='bbox 454 3313 466 3382; x_wconf 93' lang='grc' dir='ltr'>Ι</span> <span class='ocrx_word' id='word_1_238' title='bbox 487 3312 547 3367; x_wconf 78' lang='lat' dir='ltr'>aaa</span> <span class='ocrx_word' id='word_1_239' title='bbox 558 3313 604 3383; x_wconf 76' lang='lat' dir='ltr'>Fap</span> <span class='ocrx_word' id='word_1_240' title='bbox 619 3311 624 3381; x_wconf 93' lang='grc' dir='ltr'>Ι</span> <span class='ocrx_word' id='word_1_241' title='bbox 638 3313 802 3380; x_wconf 89' lang='lat' dir='ltr'>potissimum]</span> <span class='ocrx_word' id='word_1_242' title='bbox 814 3313 930 3367; x_wconf 88' lang='lat' dir='ltr'>Pontiani</span> <span class='ocrx_word' id='word_1_243' title='bbox 943 3315 1049 3370; x_wconf 77' lang='lat' dir='ltr'>Goass&#39;sss</span> <span class='ocrx_word' id='word_1_244' title='bbox 1069 3315 1080 3384; x_wconf 88' lang='grc' dir='ltr'>Ι</span> <span class='ocrx_word' id='word_1_245' title='bbox 1102 3314 1265 3380; x_wconf 73' lang='lat' dir='ltr'>dfnmigatns</span> <span class='ocrx_word' id='word_1_246' title='bbox 1275 3315 1320 3383; x_wconf 71' lang='lat' dir='ltr'>liu</span> <span class='ocrx_word' id='word_1_247' title='bbox 1343 3314 1353 3383; x_wconf 85' lang='grc' dir='ltr'>Ι</span> <span class='ocrx_word' id='word_1_248' title='bbox 1376 3315 1485 3380; x_wconf 82' lang='lat' dir='ltr'>iplnm·</span> 
     </span>
     <span class='ocr_line' id='line_1_27' title="bbox 381 3394 1487 3464; baseline -0.001 -16"><span class='ocrx_word' id='word_1_249' title='bbox 381 3396 443 3448; x_wconf 81' lang='lat' dir='ltr'>base</span> <span class='ocrx_word' id='word_1_250' title='bbox 464 3410 494 3446; x_wconf 92' lang='lat' dir='ltr'>ac</span> <span class='ocrx_word' id='word_1_251' title='bbox 514 3395 588 3464; x_wconf 70' lang='lat' dir='ltr'>Fur:</span> <span class='ocrx_word' id='word_1_252' title='bbox 609 3394 763 3458; x_wconf 84' lang='lat' dir='ltr'>plumbariae</span> <span class='ocrx_word' id='word_1_253' title='bbox 781 3394 984 3449; x_wconf 78' lang='lat' dir='ltr'>Hs&#39;ldabraadius.</span> <span class='ocrx_word' id='word_1_254' title='bbox 1014 3414 1044 3449; x_wconf 88' lang='lat' dir='ltr'>ae</span> <span class='ocrx_word' id='word_1_255' title='bbox 1065 3396 1392 3462; x_wconf 72' lang='lat' dir='ltr'>saclusi51atatsortassa</span> <span class='ocrx_word' id='word_1_256' title='bbox 1415 3394 1487 3447; x_wconf 80' lang='lat' dir='ltr'>allud</span> 
     </span>
     <span class='ocr_line' id='line_1_28' title="bbox 379 3474 1484 3544; baseline -0.002 -16"><span class='ocrx_word' id='word_1_257' title='bbox 379 3477 384 3544; x_wconf 88' lang='grc' dir='ltr'>Ι</span> <span class='ocrx_word' id='word_1_258' title='bbox 397 3477 474 3528; x_wconf 82' lang='lat' dir='ltr'>tanF</span> <span class='ocrx_word' id='word_1_259' title='bbox 497 3474 508 3544; x_wconf 91' lang='grc' dir='ltr'>Ι</span> <span class='ocrx_word' id='word_1_260' title='bbox 532 3476 547 3526; x_wconf 88' lang='grc'>8</span> <span class='ocrx_word' id='word_1_261' title='bbox 560 3475 592 3525; x_wconf 90' lang='lat' dir='ltr'>ad</span> <span class='ocrx_word' id='word_1_262' title='bbox 604 3491 654 3526; x_wconf 84' lang='lat' dir='ltr'>osa.</span> <span class='ocrx_word' id='word_1_263' title='bbox 668 3476 721 3544; x_wconf 70' lang='lat' dir='ltr'>Ilua,</span> <span class='ocrx_word' id='word_1_264' title='bbox 733 3477 853 3542; x_wconf 82' lang='lat' dir='ltr'>usquead</span> <span class='ocrx_word' id='word_1_265' title='bbox 866 3494 890 3534; x_wconf 81' lang='lat' dir='ltr'>s:</span> <span class='ocrx_word' id='word_1_266' title='bbox 902 3481 980 3530; x_wconf 82' lang='lat' dir='ltr'>cerba</span> <span class='ocrx_word' id='word_1_267' title='bbox 991 3480 1023 3529; x_wconf 84' lang='lat' dir='ltr'>ad</span> <span class='ocrx_word' id='word_1_268' title='bbox 1032 3480 1166 3529; x_wconf 86' lang='lat' dir='ltr'>aduentum</span> <span class='ocrx_word' id='word_1_269' title='bbox 1182 3477 1269 3528; x_wconf 84' lang='lat' dir='ltr'>Crassi</span> <span class='ocrx_word' id='word_1_270' title='bbox 1286 3475 1438 3528; x_wconf 80' lang='lat' dir='ltr'>secludenda</span> <span class='ocrx_word' id='word_1_271' title='bbox 1447 3477 1484 3526; x_wconf 85' lang='lat' dir='ltr'>aa&#39;-</span> 
     </span>
     <span class='ocr_line' id='line_1_29' title="bbox 380 3555 1484 3624; baseline -0.002 -16"><span class='ocrx_word' id='word_1_272' title='bbox 380 3557 475 3610; x_wconf 82' lang='lat' dir='ltr'>deatur</span> <span class='ocrx_word' id='word_1_273' title='bbox 500 3557 505 3622; x_wconf 87' lang='grc' dir='ltr'>Ι</span> <span class='ocrx_word' id='word_1_274' title='bbox 527 3555 629 3622; x_wconf 80' lang='lat' dir='ltr'>insimul</span> <span class='ocrx_word' id='word_1_275' title='bbox 641 3562 668 3606; x_wconf 87' lang='lat' dir='ltr'>et</span> <span class='ocrx_word' id='word_1_276' title='bbox 679 3556 709 3620; x_wconf 86' lang='lat' dir='ltr'>F,</span> <span class='ocrx_word' id='word_1_277' title='bbox 727 3556 753 3607; x_wconf 90' lang='lat' dir='ltr'>in</span> <span class='ocrx_word' id='word_1_278' title='bbox 765 3556 840 3608; x_wconf 89' lang='lat' dir='ltr'>simul</span> <span class='ocrx_word' id='word_1_279' title='bbox 851 3566 878 3610; x_wconf 90' lang='lat' dir='ltr'>et</span> <span class='ocrx_word' id='word_1_280' title='bbox 890 3575 919 3611; x_wconf 83' lang='lat' dir='ltr'>v:</span> <span class='ocrx_word' id='word_1_281' title='bbox 936 3575 1017 3611; x_wconf 87' lang='lat' dir='ltr'>nonna</span> <span class='ocrx_word' id='word_1_282' title='bbox 1035 3558 1136 3624; x_wconf 81' lang='lat' dir='ltr'>simulet</span> <span class='ocrx_word' id='word_1_283' title='bbox 1153 3557 1261 3610; x_wconf 85' lang='lat' dir='ltr'>Crassus</span> <span class='ocrx_word' id='word_1_284' title='bbox 1277 3566 1303 3609; x_wconf 87' lang='lat' dir='ltr'>et</span> <span class='ocrx_word' id='word_1_285' title='bbox 1316 3572 1406 3609; x_wconf 89' lang='lat' dir='ltr'>seruus</span> <span class='ocrx_word' id='word_1_286' title='bbox 1423 3571 1484 3607; x_wconf 86' lang='lat' dir='ltr'>anns</span> 
     </span>
    </p>
   </div>
   <div class='ocr_carea' id='block_1_4' title="bbox 379 3641 1485 4158">
    <p class='ocr_par' dir='ltr' id='par_1_7' title="bbox 379 3641 1485 4158">
     <span class='ocr_line' id='line_1_30' title="bbox 866 3641 876 3680; baseline 0 0"><span class='ocrx_word' id='word_1_287' title='bbox 866 3641 876 3680; x_wconf 87' lang='lat' dir='ltr'>t</span> 
     </span>
     <span class='ocr_line' id='line_1_31' title="bbox 380 3686 1483 3762; baseline -0.001 -20"><span class='ocrx_word' id='word_1_288' title='bbox 380 3689 525 3742; x_wconf 78' lang='lat' dir='ltr'>Salmasius</span> <span class='ocrx_word' id='word_1_289' title='bbox 538 3689 567 3753; x_wconf 81' lang='lat' dir='ltr'>ll)</span> <span class='ocrx_word' id='word_1_290' title='bbox 592 3686 603 3756; x_wconf 88' lang='grc' dir='ltr'>Ι</span> <span class='ocrx_word' id='word_1_291' title='bbox 626 3689 700 3740; x_wconf 73' lang='lat' dir='ltr'>daed</span> <span class='ocrx_word' id='word_1_292' title='bbox 711 3689 791 3755; x_wconf 72' lang='lat' dir='ltr'>ipses</span> <span class='ocrx_word' id='word_1_293' title='bbox 816 3689 821 3756; x_wconf 91' lang='grc' dir='ltr'>Ι</span> <span class='ocrx_word' id='word_1_294' title='bbox 847 3693 970 3761; x_wconf 71' lang='lat' dir='ltr'>penulam</span> <span class='ocrx_word' id='word_1_295' title='bbox 994 3691 1005 3760; x_wconf 91' lang='grc' dir='ltr'>Ι</span> <span class='ocrx_word' id='word_1_296' title='bbox 1029 3694 1060 3743; x_wconf 84' lang='grc'>12</span> <span class='ocrx_word' id='word_1_297' title='bbox 1076 3690 1327 3762; x_wconf 80' lang='lat' dir='ltr'>pastAlaxandriam</span> <span class='ocrx_word' id='word_1_298' title='bbox 1338 3689 1483 3742; x_wconf 81' lang='lat' dir='ltr'>Scriverius</span> 
     </span>
     <span class='ocr_line' id='line_1_32' title="bbox 380 3762 1484 3839; baseline -0.002 -17"><span class='ocrx_word' id='word_1_299' title='bbox 380 3769 482 3822; x_wconf 75' lang='lat' dir='ltr'>addidit</span> <span class='ocrx_word' id='word_1_300' title='bbox 492 3766 624 3820; x_wconf 78' lang='lat' dir='ltr'>confestim</span> <span class='ocrx_word' id='word_1_301' title='bbox 647 3767 658 3837; x_wconf 91' lang='grc' dir='ltr'>Ι</span> <span class='ocrx_word' id='word_1_302' title='bbox 682 3771 713 3821; x_wconf 87' lang='grc'>13</span> <span class='ocrx_word' id='word_1_303' title='bbox 726 3762 799 3821; x_wconf 85' lang='lat' dir='ltr'>clueo</span> <span class='ocrx_word' id='word_1_304' title='bbox 810 3771 849 3821; x_wconf 81' lang='lat' dir='ltr'>uel</span> <span class='ocrx_word' id='word_1_305' title='bbox 859 3772 1084 3824; x_wconf 83' lang='lat' dir='ltr'>belncoBraatius</span> <span class='ocrx_word' id='word_1_306' title='bbox 1107 3770 1111 3838; x_wconf 89' lang='grc' dir='ltr'>Ι</span> <span class='ocrx_word' id='word_1_307' title='bbox 1135 3778 1299 3837; x_wconf 70' lang='lat' dir='ltr'>attemptatur</span> <span class='ocrx_word' id='word_1_308' title='bbox 1311 3771 1384 3839; x_wconf 66' lang='lat' dir='ltr'>nov:</span> <span class='ocrx_word' id='word_1_309' title='bbox 1399 3785 1484 3821; x_wconf 87' lang='lat' dir='ltr'>amen-</span> 
     </span>
     <span class='ocr_line' id='line_1_33' title="bbox 380 3848 1484 3917; baseline -0.004 -13"><span class='ocrx_word' id='word_1_310' title='bbox 380 3859 450 3904; x_wconf 90' lang='lat' dir='ltr'>tatur</span> <span class='ocrx_word' id='word_1_311' title='bbox 463 3850 584 3902; x_wconf 60' lang='lat' dir='ltr'>liutbtus</span> <span class='ocrx_word' id='word_1_312' title='bbox 611 3848 623 3917; x_wconf 90' lang='grc' dir='ltr'>ΙΙ</span> <span class='ocrx_word' id='word_1_313' title='bbox 652 3850 684 3901; x_wconf 87' lang='grc'>14</span> <span class='ocrx_word' id='word_1_314' title='bbox 695 3849 735 3900; x_wconf 88' lang='lat' dir='ltr'>bic</span> <span class='ocrx_word' id='word_1_315' title='bbox 747 3849 870 3901; x_wconf 81' lang='lat' dir='ltr'>Sabratae</span> <span class='ocrx_word' id='word_1_316' title='bbox 883 3865 939 3902; x_wconf 91' lang='lat' dir='ltr'>cnm</span> <span class='ocrx_word' id='word_1_317' title='bbox 954 3850 1111 3904; x_wconf 80' lang='lat' dir='ltr'>Salmasius:</span> <span class='ocrx_word' id='word_1_318' title='bbox 1129 3852 1170 3903; x_wconf 88' lang='lat' dir='ltr'>hic</span> <span class='ocrx_word' id='word_1_319' title='bbox 1181 3851 1288 3916; x_wconf 75' lang='lat' dir='ltr'>lalbratp</span> <span class='ocrx_word' id='word_1_320' title='bbox 1301 3866 1357 3900; x_wconf 93' lang='lat' dir='ltr'>cnm</span> <span class='ocrx_word' id='word_1_321' title='bbox 1369 3850 1424 3917; x_wconf 75' lang='lat' dir='ltr'>llap,</span> <span class='ocrx_word' id='word_1_322' title='bbox 1443 3848 1484 3901; x_wconf 88' lang='lat' dir='ltr'>bic</span> 
     </span>
     <span class='ocr_line' id='line_1_34' title="bbox 380 3927 1483 3999; baseline -0.003 -15"><span class='ocrx_word' id='word_1_323' title='bbox 380 3931 481 3994; x_wconf 79' lang='lat' dir='ltr'>sabrate</span> <span class='ocrx_word' id='word_1_324' title='bbox 493 3934 529 3974; x_wconf 59' lang='lat' dir='ltr'>a*</span> <span class='ocrx_word' id='word_1_325' title='bbox 538 3929 572 3982; x_wconf 90' lang='lat' dir='ltr'>V:</span> <span class='ocrx_word' id='word_1_326' title='bbox 584 3930 646 3981; x_wconf 88' lang='lat' dir='ltr'>baec</span> <span class='ocrx_word' id='word_1_327' title='bbox 658 3927 823 3982; x_wconf 86' lang='lat' dir='ltr'>fabricantem</span> <span class='ocrx_word' id='word_1_328' title='bbox 834 3931 949 3999; x_wconf 79' lang='lat' dir='ltr'>Lipsius,</span> <span class='ocrx_word' id='word_1_329' title='bbox 966 3934 1029 3984; x_wconf 84' lang='lat' dir='ltr'>banc</span> <span class='ocrx_word' id='word_1_330' title='bbox 1040 3931 1137 3984; x_wconf 87' lang='lat' dir='ltr'>labram</span> <span class='ocrx_word' id='word_1_331' title='bbox 1149 3933 1263 3984; x_wconf 86' lang='lat' dir='ltr'>technam</span> <span class='ocrx_word' id='word_1_332' title='bbox 1279 3931 1319 3982; x_wconf 84' lang='lat' dir='ltr'>ool</span> <span class='ocrx_word' id='word_1_333' title='bbox 1332 3932 1394 3982; x_wconf 89' lang='lat' dir='ltr'>haec</span> <span class='ocrx_word' id='word_1_334' title='bbox 1410 3930 1483 3982; x_wconf 82' lang='lat' dir='ltr'>iabra</span> 
     </span>
     <span class='ocr_line' id='line_1_35' title="bbox 380 4011 1483 4078; baseline -0.001 -14"><span class='ocrx_word' id='word_1_335' title='bbox 380 4021 462 4065; x_wconf 80' lang='lat' dir='ltr'>tecum</span> <span class='ocrx_word' id='word_1_336' title='bbox 473 4012 637 4065; x_wconf 83' lang='lat' dir='ltr'>lubricantem</span> <span class='ocrx_word' id='word_1_337' title='bbox 651 4011 827 4075; x_wconf 71' lang='lat' dir='ltr'>casaubonus,</span> <span class='ocrx_word' id='word_1_338' title='bbox 842 4013 905 4062; x_wconf 89' lang='lat' dir='ltr'>baec</span> <span class='ocrx_word' id='word_1_339' title='bbox 917 4027 993 4078; x_wconf 82' lang='lat' dir='ltr'>supra</span> <span class='ocrx_word' id='word_1_340' title='bbox 1005 4012 1045 4066; x_wconf 89' lang='lat' dir='ltr'><em>W</em></span> <span class='ocrx_word' id='word_1_341' title='bbox 1043 4028 1153 4076; x_wconf 81' lang='lat' dir='ltr'>omarus,</span> <span class='ocrx_word' id='word_1_342' title='bbox 1168 4013 1234 4062; x_wconf 90' lang='lat' dir='ltr'>bunc</span> <span class='ocrx_word' id='word_1_343' title='bbox 1245 4011 1381 4064; x_wconf 78' lang='lat' dir='ltr'>fanaticum</span> <span class='ocrx_word' id='word_1_344' title='bbox 1393 4011 1483 4063; x_wconf 82' lang='lat' dir='ltr'>Meur-</span> 
     </span>
     <span class='ocr_line' id='line_1_36' title="bbox 379 4091 1485 4158; baseline -0.003 -13"><span class='ocrx_word' id='word_1_345' title='bbox 379 4096 443 4158; x_wconf 83' lang='lat' dir='ltr'>ss&#39;us,</span> <span class='ocrx_word' id='word_1_346' title='bbox 460 4094 507 4145; x_wconf 84' lang='lat' dir='ltr'>bac</span> <span class='ocrx_word' id='word_1_347' title='bbox 522 4094 586 4145; x_wconf 86' lang='lat' dir='ltr'>bora</span> <span class='ocrx_word' id='word_1_348' title='bbox 602 4100 684 4143; x_wconf 90' lang='lat' dir='ltr'>tecum</span> <span class='ocrx_word' id='word_1_349' title='bbox 700 4091 816 4156; x_wconf 66' lang='lat' dir='ltr'>Fuluius,</span> <span class='ocrx_word' id='word_1_350' title='bbox 836 4092 901 4144; x_wconf 88' lang='lat' dir='ltr'>bunc</span> <span class='ocrx_word' id='word_1_351' title='bbox 918 4092 1079 4143; x_wconf 89' lang='lat' dir='ltr'>saburratum</span> <span class='ocrx_word' id='word_1_352' title='bbox 1094 4091 1135 4142; x_wconf 87' lang='lat' dir='ltr'>vel</span> <span class='ocrx_word' id='word_1_353' title='bbox 1147 4091 1209 4142; x_wconf 85' lang='lat' dir='ltr'>baec</span> <span class='ocrx_word' id='word_1_354' title='bbox 1227 4094 1359 4145; x_wconf 86' lang='lat' dir='ltr'>saburrato</span> <span class='ocrx_word' id='word_1_355' title='bbox 1373 4108 1429 4142; x_wconf 87' lang='lat' dir='ltr'>eum</span> <span class='ocrx_word' id='word_1_356' title='bbox 1444 4093 1485 4143; x_wconf 83' lang='lat' dir='ltr'>sul</span> 
     </span>
    </p>
   </div>
   <div class='ocr_carea' id='block_1_5' title="bbox 379 4170 1484 4376">
    <p class='ocr_par' dir='ltr' id='par_1_8' title="bbox 379 4170 1484 4376">
     <span class='ocr_line' id='line_1_37' title="bbox 379 4170 1484 4247; baseline -0.001 -24"><span class='ocrx_word' id='word_1_357' title='bbox 379 4172 513 4226; x_wconf 85' lang='lat' dir='ltr'>saburrato</span> <span class='ocrx_word' id='word_1_358' title='bbox 530 4189 575 4225; x_wconf 89' lang='lat' dir='ltr'>ore</span> <span class='ocrx_word' id='word_1_359' title='bbox 591 4174 711 4226; x_wconf 65' lang='lat' dir='ltr'>atauus</span> <span class='ocrx_word' id='word_1_360' title='bbox 727 4172 827 4225; x_wconf 85' lang='lat' dir='ltr'>advers.</span> <span class='ocrx_word' id='word_1_361' title='bbox 843 4189 870 4241; x_wconf 86' lang='lat' dir='ltr'>p.</span> <span class='ocrx_word' id='word_1_362' title='bbox 881 4174 941 4238; x_wconf 81' lang='lat'>480,</span> <span class='ocrx_word' id='word_1_363' title='bbox 961 4174 1030 4247; x_wconf 77' lang='lat' dir='ltr'>lracc¹</span> <span class='ocrx_word' id='word_1_364' title='bbox 1045 4185 1120 4237; x_wconf 88' lang='lat' dir='ltr'>snpra</span> <span class='ocrx_word' id='word_1_365' title='bbox 1136 4179 1162 4223; x_wconf 93' lang='lat' dir='ltr'>te</span> <span class='ocrx_word' id='word_1_366' title='bbox 1176 4187 1235 4230; x_wconf 89' lang='lat' dir='ltr'>eum</span> <span class='ocrx_word' id='word_1_367' title='bbox 1250 4173 1333 4243; x_wconf 75' lang='lat' dir='ltr'>Saepto</span> <span class='ocrx_word' id='word_1_368' title='bbox 1347 4171 1454 4225; x_wconf 75' lang='lat' dir='ltr'>Gmtils&#39;s</span> <span class='ocrx_word' id='word_1_369' title='bbox 1479 4170 1484 4238; x_wconf 82' lang='lat' dir='ltr'>l</span> 
     </span>
     <span class='ocr_line' id='line_1_38' title="bbox 379 4254 1482 4376; baseline -0.001 -21"><span class='ocrx_word' id='word_1_370' title='bbox 379 4313 522 4376; x_wconf 66' lang='lat' dir='ltr'>externam</span> <span class='ocrx_word' id='word_1_371' title='bbox 547 4303 553 4375; x_wconf 91' lang='grc' dir='ltr'>Ι</span> <span class='ocrx_word' id='word_1_372' title='bbox 579 4307 760 4360; x_wconf 83' lang='lat' dir='ltr'>nauseabiliter</span> <span class='ocrx_word' id='word_1_373' title='bbox 773 4306 873 4359; x_wconf 77' lang='lat' dir='ltr'>cauus</span> <span class='ocrx_word' id='word_1_374' title='bbox 896 4304 907 4374; x_wconf 97' lang='grc' dir='ltr'>Ι</span> <span class='ocrx_word' id='word_1_375' title='bbox 936 4305 967 4358; x_wconf 82' lang='lat' dir='ltr'>lb</span> <span class='ocrx_word' id='word_1_376' title='bbox 985 4254 1197 4358; x_wconf 55' lang='lat' dir='ltr'>obrncta.n.temil</span> <span class='ocrx_word' id='word_1_377' title='bbox 1228 4304 1233 4371; x_wconf 92' lang='grc' dir='ltr'>Ι</span> <span class='ocrx_word' id='word_1_378' title='bbox 1260 4319 1417 4370; x_wconf 78' lang='lat' dir='ltr'>quaereas,</span> <span class='ocrx_word' id='word_1_379' title='bbox 1435 4320 1482 4371; x_wconf 67' lang='lat' dir='ltr'>qus</span> 
     </span>
    </p>
   </div>
   <div class='ocr_carea' id='block_1_6' title="bbox 378 4385 1481 4592">
    <p class='ocr_par' dir='ltr' id='par_1_9' title="bbox 378 4385 1481 4592">
     <span class='ocr_line' id='line_1_39' title="bbox 378 4385 1481 4510; baseline -0.004 -18"><span class='ocrx_word' id='word_1_380' title='bbox 378 4455 453 4492; x_wconf 80' lang='lat' dir='ltr'>raas</span> <span class='ocrx_word' id='word_1_381' title='bbox 464 4439 485 4492; x_wconf 78' lang='lat' dir='ltr'>p</span> <span class='ocrx_word' id='word_1_382' title='bbox 496 4443 524 4492; x_wconf 83' lang='lat' dir='ltr'>s&#39;a</span> <span class='ocrx_word' id='word_1_383' title='bbox 535 4456 639 4506; x_wconf 80' lang='lat' dir='ltr'>rasura,</span> <span class='ocrx_word' id='word_1_384' title='bbox 651 4427 700 4508; x_wconf 67' lang='lat' dir='ltr'>q&#39;re</span> <span class='ocrx_word' id='word_1_385' title='bbox 711 4456 778 4510; x_wconf 77' lang='lat' dir='ltr'>asp</span> <span class='ocrx_word' id='word_1_386' title='bbox 800 4439 811 4510; x_wconf 89' lang='grc' dir='ltr'>Ι</span> <span class='ocrx_word' id='word_1_387' title='bbox 841 4442 872 4494; x_wconf 82' lang='grc'>17</span> <span class='ocrx_word' id='word_1_388' title='bbox 889 4440 982 4504; x_wconf 90' lang='lat' dir='ltr'>notior]</span> <span class='ocrx_word' id='word_1_389' title='bbox 1042 4436 1132 4492; x_wconf 78' lang='lat' dir='ltr'>clord&#39;</span> <span class='ocrx_word' id='word_1_390' title='bbox 1155 4438 1167 4509; x_wconf 91' lang='grc' dir='ltr'>Ι</span> <span class='ocrx_word' id='word_1_391' title='bbox 1191 4385 1421 4508; x_wconf 46' lang='lat' dir='ltr'>18cxf&#39;ibeatpl</span> <span class='ocrx_word' id='word_1_392' title='bbox 1449 4437 1481 4489; x_wconf 83' lang='grc'>19</span> 
     </span>
     <span class='ocr_line' id='line_1_40' title="bbox 378 4519 1480 4592; baseline -0.002 -20"><span class='ocrx_word' id='word_1_393' title='bbox 378 4522 444 4588; x_wconf 79' lang='lat' dir='ltr'>quod</span> <span class='ocrx_word' id='word_1_394' title='bbox 456 4538 479 4590; x_wconf 86' lang='grc' dir='ltr'><strong><em>φ</em></strong></span> <span class='ocrx_word' id='word_1_395' title='bbox 501 4519 513 4589; x_wconf 90' lang='grc' dir='ltr'>Ι</span> <span class='ocrx_word' id='word_1_396' title='bbox 536 4522 566 4574; x_wconf 81' lang='lat'>21</span> <span class='ocrx_word' id='word_1_397' title='bbox 580 4521 736 4575; x_wconf 85' lang='lat' dir='ltr'>ainalentam</span> <span class='ocrx_word' id='word_1_398' title='bbox 748 4522 817 4592; x_wconf 69' lang='lat' dir='ltr'>sev</span> <span class='ocrx_word' id='word_1_399' title='bbox 851 4519 862 4589; x_wconf 89' lang='grc' dir='ltr'>Ι</span> <span class='ocrx_word' id='word_1_400' title='bbox 893 4523 926 4575; x_wconf 82' lang='lat'>22</span> <span class='ocrx_word' id='word_1_401' title='bbox 938 4523 960 4574; x_wconf 88' lang='lat' dir='ltr'>is</span> <span class='ocrx_word' id='word_1_402' title='bbox 972 4529 1064 4586; x_wconf 85' lang='lat' dir='ltr'>tecum,</span> <span class='ocrx_word' id='word_1_403' title='bbox 1076 4521 1185 4573; x_wconf 81' lang='lat' dir='ltr'>Maxime</span> <span class='ocrx_word' id='word_1_404' title='bbox 1197 4521 1347 4574; x_wconf 81' lang='lat' dir='ltr'>Putseds&#39;uss</span> <span class='ocrx_word' id='word_1_405' title='bbox 1363 4520 1413 4570; x_wconf 87' lang='lat' dir='ltr'>isto</span> <span class='ocrx_word' id='word_1_406' title='bbox 1425 4533 1480 4570; x_wconf 88' lang='lat' dir='ltr'>cnm</span> 
     </span>
    </p>
   </div>
   <div class='ocr_carea' id='block_1_7' title="bbox 0 0 1938 5559">
    <p class='ocr_par' dir='ltr' id='par_1_10' title="bbox 0 0 1938 5559">
     <span class='ocr_line' id='line_1_41' title="bbox 0 0 1938 5559; baseline 0 2"><span class='ocrx_word' id='word_1_407' title='bbox 0 0 1938 5559; x_wconf 95' lang='lat' dir='ltr'> </span> 
     </span>
    </p>
   </div>
  </div>
 </body>
</html>
