3867 5559
484 738 527 819 80
831 736 860 788 n.
879 734 1001 790 mvnnr
1019 732 1255 788 umavnnnsrs

342 822 359 863 r.
367 824 430 864 risa.
445 822 516 862 curo.
1510 818 1553 859 M
1564 817 1673 860 curans.

492 889 722 963 consentiebant,
753 890 875 970 penuria
903 889 1084 952 matrimonii
1113 888 1252 951 morbum
1275 887 1454 966 quaesitum,
1485 887 1600 948 malum

492 991 523 1052 in
534 991 595 1052 dies
606 990 714 1070 augeri,
726 991 936 1070 aegritudinem
947 992 1162 1070 ingrauesccre:
1175 989 1246 1051 dum
1257 989 1358 1051 aetatis
1369 986 1476 1067 aliquid
1491 1006 1600 1068 super·

493 1091 541 1164 sit,
565 1092 675 1171 nuptiis
699 1093 898 1155 ualetudinem
923 1092 1138 1154 medicandum.
1179 1091 1335 1154 consilium
1362 1091 1441 1152 istud
1461 1108 1529 1151 cum
1550 1089 1600 1150 alii

493 1192 703 1274 approbabant,
717 1201 783 1257 tum
796 1196 922 1256 maxime
940 1194 1119 1256 Aemilianus
1139 1193 1203 1268 iste,
1224 1193 1274 1272 qui
1293 1192 1381 1274 paulo
1401 1192 1483 1273 prius
1503 1191 1598 1254 conii-
1637 1262 1652 1297 ι

493 1292 664 1357 deotissime
680 1297 831 1359 mendacio
847 1296 1046 1370 adseuerabat,
1062 1312 1214 1374 nunquam
1227 1293 1264 1354 de
1275 1294 1385 1375 nuptiis
1400 1293 1598 1356 Pudentillam
1619 1303 1635 1352 5

492 1395 644 1473 cogitasse,
659 1397 832 1479 priusquam
846 1398 924 1462 foret
938 1398 1057 1478 magicis
1072 1396 1220 1458 maleficiis
1240 1414 1257 1456 a
1271 1415 1320 1458 me
1340 1404 1455 1462 coacta:
1476 1414 1524 1457 me
1546 1414 1599 1458 so·

492 1497 554 1558 lum
579 1504 739 1578 repertum,
770 1499 820 1577 qui
851 1499 1001 1561 uiduitatis
1032 1499 1095 1561 eius
1123 1499 1205 1560 uelut
1230 1496 1376 1578 quandam
1398 1497 1598 1577 uirginitatem

493 1599 672 1660 carminibus
694 1607 724 1660 et
738 1599 860 1662 uenenis
874 1601 1026 1664 uiolarem.
1057 1617 1143 1681 saepe
1166 1599 1265 1662 audiui
1284 1617 1347 1662 non
1366 1600 1401 1662 de
1419 1599 1510 1662 nihilo
1532 1598 1598 1672 dici,

492 1702 664 1763 mendacem
678 1720 841 1763 memorem
856 1720 921 1763 esse
936 1707 1082 1783 oportere.
1117 1709 1146 1762 at
1165 1701 1227 1775 tibi,
1247 1700 1415 1776 Aemiliane,
1436 1719 1498 1764 non
1516 1701 1599 1764 uenit
1643 1743 1647 1757 .

492 1802 523 1864 in
537 1810 678 1876 mentem,
693 1803 865 1883 priusquam
880 1822 933 1882 ego
950 1803 1041 1865 Oeam
1055 1803 1198 1878 uenirem,
1213 1810 1242 1865 te
1256 1804 1353 1865 literas
1368 1804 1456 1865 etiam
1475 1803 1518 1865 uti
1536 1820 1595 1864 nu·
1610 1777 1670 1896 gf„

396 1984 398 1986 Ι
417 1955 422 1966 .
459 1938 478 1969 ι,
493 1903 576 1966 beret
590 1905 742 1986 scripsisse
756 1907 793 1968 ad
812 1902 817 1989 Ι
835 1906 928 1966 tilium
940 1906 1002 1967 eius
1013 1905 1202 1979 Pontianum,
1215 1906 1264 1986 qui
1278 1912 1343 1967 tum
1359 1905 1474 1967 adtdtus
1485 1904 1598 1966 Romae

493 2003 616 2099 agebat?
639 2008 711 2069 cedo
726 2014 760 2071 tu
780 2008 934 2089 epistulam
955 2009 1003 2069 uel
1018 2007 1118 2088 potius
1133 2008 1169 2069 da
1182 2006 1253 2089 ipsi:
1273 2007 1358 2089 legat,
1379 2024 1433 2069 sua
1451 2006 1506 2068 sibi
1522 2025 1597 2069 uoce

493 2108 613 2189 suisque
627 2110 726 2171 uerbis
742 2129 807 2173 sese
821 2110 961 2174 reuincat.

578 2313 669 2377 Estne
689 2315 760 2378 haec
781 2323 831 2378 tua
850 2311 995 2396 epistula?
1026 2314 1095 2396 quid
1109 2311 1259 2397 polluisti?
1288 2331 1358 2378 nam
1377 2312 1548 2376 erubescere
1562 2318 1597 2374 tu
1705 2363 1706 2366 ,

493 2414 612 2495 quidem
626 2433 689 2478 non
702 2423 796 2497 potes.
819 2425 901 2480 estne
914 2426 965 2480 tua
986 2418 1043 2480 ista
1057 2413 1256 2497 subscriptio?
1284 2412 1390 2500 recillta
1408 2432 1517 2496 quaeso
1536 2414 1597 2475 cla-
1619 2423 1651 2473 15

493 2516 566 2591 rius,
585 2524 619 2580 ut
639 2536 743 2580 omnes
762 2519 937 2598 intellegant,
964 2525 1108 2599 quantum
1128 2519 1227 2598 lingua
1246 2518 1309 2581 eius
1332 2536 1423 2581 manu
1443 2517 1596 2597 discrepet,

494 2623 695 2700 quantumque
709 2617 807 2682 minor
821 2619 862 2682 illi
876 2619 915 2681 sit
928 2637 1046 2682 mecum
1061 2638 1149 2700 quam
1164 2638 1265 2685 secum
1280 2620 1434 2683 dissensio.

347 2894 351 2900 ,
400 2830 475 2883 Lxx
578 2821 765 2901 Scripsistine
783 2822 864 2899 baec,
884 2822 1052 2899 Aemiliane,
1074 2844 1147 2906 quac
1166 2827 1240 2888 lecta
1260 2821 1353 2888 sunt?
1375 2815 1497 2887 ‘nubere
1517 2823 1597 2884 illam
1684 2819 1688 2831 “

408 2913 414 2917 ’
493 2924 568 2986 uelle
593 2930 622 2984 et
646 2923 751 2985 debere
773 2925 844 2999 scio,
871 2926 923 2987 sed
945 2945 1035 3006 quem
1055 2927 1142 3006 eligat
1159 2918 1279 2991 nescio.²
1312 2931 1390 2989 recte
1410 2933 1443 2988 tu
1463 2925 1596 3005 quidem:
1693 2972 1705 2993 .

494 3025 652 3093 nesciebas.
681 3025 846 3089 Pudentilla
860 3027 938 3095 enim
952 3027 1016 3102 tibi,
1032 3028 1115 3090 cuius
1130 3029 1266 3091 infestam
1281 3028 1490 3108 malignitatem
1504 3025 1598 3107 probe
1617 3027 1653 3079 20

493 3133 589 3202 norat,
604 3128 640 3189 de
654 3128 719 3209 ipsa
732 3146 765 3191 re
778 3135 904 3204 tanturn,
919 3137 1050 3192 ceterum
1065 3130 1101 3192 de
1115 3131 1240 3211 petitore
1254 3131 1326 3194 nihd
1340 3130 1493 3192 fatebatur.
1520 3134 1550 3188 at
1564 3134 1598 3188 tu

444 3316 446 3321 ι
493 3227 566 3291 dum
580 3237 748 3311 computas
767 3231 929 3293 etiamnum
949 3226 1033 3294 Claro
1048 3232 1132 3295 fretu
1154 3239 1207 3296 tuo
1226 3232 1432 3314 denupturam,
1458 3229 1530 3293 taba
1545 3246 1599 3311 spe

493 3331 629 3395 inductus
644 3332 703 3394 filio
719 3351 836 3412 quoque
855 3332 917 3395 eius
935 3333 1081 3396 Pontiano
1103 3343 1204 3400 auctor
1224 3333 1400 3397 assentiendi
1417 3332 1508 3395 luisti.
1541 3330 1598 3410 igi·

492 3439 542 3495 tur
556 3432 582 3494 si
601 3433 686 3496 Claro
705 3434 865 3516 nupsisset,
884 3420 998 3498 homini
1018 3435 1167 3500 rusticano
1188 3443 1217 3499 et
1232 3435 1378 3516 decrepito
1398 3433 1471 3508 seni,
1490 3438 1597 3513 sponte

493 3551 557 3596 cam
573 3535 683 3598 diceres
698 3535 761 3598 sine
774 3537 833 3600 ulla
847 3538 942 3619 magia
955 3538 1015 3601 iam
1027 3539 1097 3601 olim
1108 3537 1291 3620 nupturisse:
1308 3535 1447 3617 quoniam
1458 3534 1596 3598 iuuenem
1617 3537 1652 3590 25

843 3773 861 3814 1v
905 3775 912 3786 ·
1201 3781 1203 3785 ·

562 3824 719 3881 anabuns
756 3826 763 3896 Ι
798 3827 969 3879 ualetudinem
986 3826 1015 3893 P,
1032 3828 1196 3881 ualitudinem
1212 3825 1272 3898 φνΙ
1291 3824 1596 3894 sortcsccmcdicandam
1657 3825 1661 3829 ’

492 3906 502 3976 ll
521 3911 538 3963 4
549 3908 721 3976 approbabant
733 3924 754 3974 r,
767 3907 906 3975 approbant
917 3908 965 3973 Fv,
978 3909 1148 3976 approbarent
1159 3929 1193 3980 p:
1207 3908 1377 3977 approbarunt
1389 3906 1597 3974 Iungcrmcnnus

492 3989 502 4058 11
523 3991 685 4057 boumquam
702 3987 744 4057 Pl
770 3988 862 4040 nubtiis
874 3988 920 4042 FV
943 3986 954 4056 ΙΙ
982 3991 1146 4043 'luiduitatis
1162 3992 1217 4044 cius
1233 3989 1311 4060 FpV,
1335 3989 1483 4042 uiduitatcm
1504 3989 1559 4039 cius
1578 4003 1599 4051 ς,

494 4071 624 4122 uiduitatis
636 4071 723 4120 dorem
732 4070 911 4123 continentiam
922 4070 978 4121 eius
989 4088 1057 4124 unm
1070 4072 1298 4126 smaelitarum
1309 4076 1397 4124 notas:
1409 4069 1540 4121 uiduitatis
1552 4070 1599 4120 llo-

495 4167 548 4203 rem
559 4153 614 4203 eius
623 4152 745 4216 Percelna,
756 4153 887 4205 uiduitatis
903 4152 1062 4204 sanctitatem
1078 4155 1132 4205 eius
1149 4152 1343 4218 Hildcbrandr'uc
1366 4148 1376 4220 l
1400 4149 1520 4213 8nicbilo
1532 4148 1578 4218 up
1592 4147 1601 4216 ll

495 4235 510 4285 9
527 4249 584 4285 esso
596 4251 646 4285 cm.
660 4248 677 4284 v
699 4230 711 4301 ll
735 4233 766 4284 10
778 4233 880 4286 litteras
892 4250 909 4286 v
933 4229 945 4302 ΙΙ
970 4234 998 4286 11
1014 4233 1184 4286 scribsisscl'
1207 4230 1218 4300 ΙΙ
1242 4233 1273 4285 12
1286 4234 1376 4298 agebat
1390 4248 1410 4296 ς,
1423 4230 1507 4282 aiebat
1518 4229 1581 4297 For
1595 4227 1600 4297 Ι

494 4315 627 4379 epistolam
637 4311 726 4382 Pori
748 4314 781 4366 14
793 4312 1014 4384 epistolal'cpvll
1044 4315 1075 4367 15
1094 4313 1282 4368 subscribtioV
1310 4313 1320 4388 fl
1353 4313 1386 4364 to
1401 4311 1550 4375 intellegent
1567 4309 1599 4373 V,

494 4394 638 4458 intelligant
650 4395 694 4463 Pup
715 4393 772 4462 lli
791 4403 932 4463 quamoquc
949 4396 1073 4448 Pricaeus
1087 4394 1093 4464 l
1107 4393 1194 4446 illisP
1214 4393 1219 4460 Ι
1238 4394 1360 4446 dissentio
1378 4411 1401 4462 φ
1424 4391 1435 4462 d
1463 4393 1494 4445 21
1513 4399 1600 4444 caete-

494 4490 578 4528 romv
604 4479 609 4542 Ι
636 4476 712 4528 nichil
728 4474 807 4543 2φῆ
841 4477 875 4528 22
886 4477 962 4528 etiam
975 4467 1068 4529 nuncu
1093 4475 1098 4544 Ι
1124 4473 1289 4528 denubturcm
1300 4473 1370 4542 nov
1403 4471 1415 4541 l
1449 4473 1483 4524 23
1495 4480 1601 4524 autcrv

493 4553 502 4623 ΙΙ
523 4557 556 4608 21
568 4555 733 4609 nubsiscctP
756 4555 768 4626 l
790 4558 823 4609 25
835 4557 981 4610 nubturirrc
992 4555 1062 4626 va
1085 4554 1096 4625 Ι
