3867 5559
834 736 1021 790 PRAEFATIO
1400 785 1402 792 .
1419 758 1479 798 v1111

379 891 494 957 summi
514 891 737 979 neglegentiae
754 915 909 956 summam
925 888 1391 977 recognoscendidiligentiam
1406 912 1478 977 pro·

377 997 465 1080 fessi,
481 1005 523 1062 an
537 1006 683 1084 putarem
695 998 831 1063 alterum
844 996 987 1062 codicem
999 994 1232 1077 Florentinum,
1247 993 1383 1060 fortasse
1394 994 1479 1061 Lau-

378 1102 559 1177 rentianum
581 1102 753 1170 XXVIIII
775 1105 813 1186 2,
836 1102 982 1168 Victorio
1006 1102 1045 1167 ad
1069 1123 1198 1166 manum
1221 1099 1343 1166 fuisse?
1371 1124 1479 1167 mone·

377 1209 434 1274 bat
467 1207 597 1295 quidem
629 1232 687 1296 per
720 1207 829 1274 literas
858 1205 1067 1295 Spengelius,
1102 1205 1282 1271 Victorium
1309 1205 1480 1292 indagasse

378 1320 410 1377 et
434 1313 606 1379 contulisse
628 1313 727 1379 libros
751 1313 986 1400 manuscriptos
1002 1334 1231 1401 usquequaque
1246 1311 1480 1377 vetustissimos

377 1419 578 1506 eundemque
601 1417 643 1486 ad
665 1419 810 1503 codicem
831 1418 921 1484 illum
942 1417 1196 1484 Laurentianum
1211 1415 1362 1483 LXVIII
1377 1419 1398 1483 2
1414 1417 1479 1482 Ta·

378 1524 434 1589 citi
462 1524 561 1590 libros
584 1525 813 1612 recognovisse
836 1524 945 1590 addita
967 1523 1063 1589 simili
1088 1521 1370 1610 subscriptione1).
1415 1546 1480 1589 non

378 1631 613 1717 repugnabam:
638 1652 832 1718 quamquam
855 1652 921 1696 non
945 1628 1078 1695 dubium
1102 1636 1179 1712 erat,
1205 1628 1282 1714 quin
1305 1628 1481 1716 exemplari

377 1734 566 1800 Victoriano
589 1735 630 1801 ad
646 1734 764 1824 Apulei
788 1737 888 1802 verba
913 1734 1111 1802 emendanda
1134 1733 1260 1801 utinen
1277 1734 1399 1817 liceret,
1419 1734 1481 1799 nisi

379 1841 418 1905 de
442 1840 510 1906 eius
533 1840 597 1906 fide
619 1843 714 1928 plane
738 1849 899 1908 constaret
921 1865 1006 1907 nova
1027 1840 1170 1928 ipsorum
1186 1840 1333 1906 codicum
1348 1840 1480 1906 Floren-

378 1945 518 2012 tinorum
542 1948 711 2012 collatione
734 1947 902 2013 instituta.⁴

467 2053 563 2118 Hanc
586 2053 790 2119 collationem
811 2062 848 2117 ut
871 2074 942 2117 mea
965 2050 1070 2138 gratia
1091 2050 1276 2139 susciperet,
1298 2049 1480 2138 Adolpho

378 2156 637 2244 Kiesslingic
677 2157 780 2223 amico
814 2157 1032 2222 intercedente
1067 2157 1279 2244 Iosephum
1312 2156 1480 2222 Muelle-

378 2285 461 2327 rum
485 2262 548 2327 adii
571 2265 786 2351 professorem
809 2263 1013 2345 Patauinum,
1036 2263 1141 2328 virum
1164 2264 1197 2328 in
1214 2263 1379 2330 codicibus
1394 2272 1482 2328 vete·

380 2391 451 2432 rum
480 2367 670 2454 scriptorum
694 2367 892 2434 excutiendis
916 2366 1210 2454 diligentissimum,
1242 2369 1293 2435 cui
1316 2377 1483 2456 acceptum

373 2474 494 2553 refero,
519 2473 605 2559 quod
628 2484 781 2539 autumno
805 2473 881 2538 anni
907 2474 991 2539 1862
1014 2481 1127 2538 nactus
1151 2497 1221 2539 sum
1238 2474 1482 2540 fundamentum

379 2579 527 2645 editionis
550 2603 647 2666 quam
668 2581 820 2668 parabam
845 2577 899 2643 diu
923 2577 1148 2644 desideratum.
1187 2579 1251 2646 iam
1268 2579 1335 2644 vidi
1352 2579 1483 2666 quidem

378 2685 559 2750 Victorium
583 2708 678 2773 saepe
703 2685 883 2751 consentire
906 2708 980 2749 cum
995 2683 1168 2751 Muellero:
1192 2685 1258 2768 sed,
1283 2708 1355 2751 cum
1374 2686 1483 2751 multis
1563 2754 1569 2768 ,

378 2790 457 2855 locis
480 2800 615 2878 uterque
639 2791 845 2878 discreparet,
868 2790 1032 2855 Victorius
1049 2791 1222 2857 contulisse
1237 2790 1315 2856 mihi
1330 2791 1419 2857 visus
1434 2801 1484 2857 est

380 2968 578 2976 ——-—-———

494 3075 521 3140 1)
540 3076 697 3143 ‹Recognooi
714 3093 771 3128 cum
789 3084 886 3127 uetusto
904 3077 1046 3142 euemploni
1061 3077 1142 3128 literis
1154 3078 1334 3144 Langobardia
1345 3079 1440 3143 scripto
1452 3095 1484 3128 ne

468 3176 499 3210 ea
523 3161 626 3226 quidem
649 3163 678 3212 in
701 3160 840 3210 cordatione
858 3161 972 3211 omittens
990 3178 1056 3226 quae
1075 3169 1197 3226 corrupta
1216 3161 1303 3228 aliquo
1316 3171 1395 3228 pacto
1413 3162 1483 3214 uide-

468 3243 576 3311 bantur,
600 3262 632 3296 ne
651 3247 720 3296 loun
739 3243 898 3294 coniecturae
916 3244 1081 3295 emendaturo
1098 3245 1200 3310 decret.
1236 3245 1285 3296 Eat
1302 3254 1386 3297 autent
1404 3245 1484 3297 cadon

469 3329 567 3381 eDioi
584 3329 670 3380 Marci
687 3327 853 3381 Bibliotheca.
891 3327 1039 3379 florentiae
1058 3328 1228 3383 MDXXII.
1266 3329 1359 3382 Idibus
1376 3331 1474 3384 Ianua.

1180 3448 1210 3499 P.
1234 3448 1378 3501 Victoriana

450 3575 537 3630 Extat
557 3576 624 3631 haec
647 3577 809 3648 subscriptio
832 3576 861 3630 in
883 3577 1032 3646 exemplari
1054 3577 1179 3637 editionis
1197 3579 1388 3646 Beroaldinae‚
1413 3579 1484 3647 quod
1534 3608 1543 3629 .

380 3666 503 3714 servatur
525 3660 553 3713 in
576 3660 740 3716 bibliotheca
757 3663 833 3730 regia
849 3661 1015 3717 Monacensi.
1051 3662 1083 3715 de
1103 3661 1245 3717 collatione
1264 3679 1280 3716 a
1298 3663 1418 3718 Victorio
1435 3662 1482 3717 ad-

380 3743 482 3811 scripta
498 3742 565 3796 haee
582 3745 666 3798 trudit
683 3745 840 3799 Wultherus
858 3747 889 3814 (I
899 3748 988 3813 praefi
996 3765 1027 3812 p.
1039 3747 1185 3801 XXXVII.
1204 3749 1238 3813 cf.
1259 3748 1335 3800 Orell.
1349 3749 1437 3815 praef.
1452 3765 1482 3814 p.

386 3827 481 3878 VIIII
496 3836 521 3878 et
536 3828 653 3896 Spengel.
669 3847 759 3896 propr.
774 3831 876 3880 Monac.
891 3826 1003 3904 1847148
1016 3849 1046 3897 p.
1065 3833 1106 3896 6):
1125 3831 1206 3881 ‘Inde
1224 3831 1256 3881 ab
1274 3831 1408 3883 undecimo
1419 3832 1484 3883 libro
1546 3832 1550 3838 '

380 3910 522 3963 Annalium
545 3914 670 3965 Victorius
694 3916 851 3979 scripturam
868 3913 1045 3967 Florentinum
1068 3916 1100 3966 ad
1123 3915 1233 3966 editione
1253 3915 1381 3967 Beroaldi
1398 3915 1482 3968 atvar·-

379 4011 435 4044 aom
457 3995 578 4062 adposuit
593 3999 746 4064 plerumque
769 3999 797 4048 in
814 3999 944 4064 margine:
966 3999 1094 4050 breuiores
1111 3999 1256 4064 uarietates,
1277 4008 1301 4050 et
1318 4002 1341 4050 ei
1358 4018 1411 4066 qua
1429 4019 1483 4054 una

380 4080 493 4130 alterave
516 4082 602 4132 littera
624 4083 764 4147 mutanda,
788 4084 816 4133 in
834 4084 889 4148 ίμο
907 4092 1025 4133 contentu
1042 4082 1203 4148 significavit.
1241 4083 1314 4146 Quae
1331 4085 1439 4150 deerant
1455 4087 1483 4136 in

380 4163 434 4217 eod.
453 4163 540 4229 Flen,
558 4174 647 4216 notata
664 4175 725 4217 sunt
741 4167 840 4217 lineolis
857 4168 899 4217 uel
910 4167 1016 4231 punctis
1033 4166 1177 4232 satppositie.
1214 4167 1391 4233 Reperiuntur
1408 4170 1483 4219 etiom

380 4247 616 4300 animaduereiones
634 4266 666 4301 eu
683 4252 785 4317 ingenio
808 4251 915 4301 Victorii
925 4250 1072 4318 proseriae,
1097 4266 1162 4315 quos
1179 4250 1222 4302 ille
1240 4269 1257 4301 a
1276 4251 1407 4302 collatione
1424 4251 1484 4302 libri

380 4329 526 4383 Moenum
543 4333 663 4384 dudunt
674 4333 823 4398 praeposito
841 4326 866 4383 o‘
888 4334 922 4398 (t.
942 4349 963 4387 e.
982 4333 1108 4399 cornipeta
1144 4333 1207 4387 talis
1227 4341 1269 4388 est
1287 4333 1368 4387 etiam
1384 4334 1484 4402 Apulei

381 4412 488 4469 collatio
506 4415 675 4470 Victoriana:
698 4431 785 4483 neque
809 4431 872 4472 vero
890 4417 954 4470 huic
972 4416 1109 4471 Victorius
1128 4417 1295 4472 coniecturas
1317 4417 1350 4472 de
1368 4433 1417 4472 suo
1435 4417 1482 4472 ad·
1524 4409 1525 4412 ’
1629 4421 1630 4424 ’

380 4497 456 4552 didit.
1467 4505 1471 4517 ’
