3867 5559
452 721 494 783 50
796 713 966 770 narvnn
982 713 1219 770 mosonensis
1550 796 1553 802 ¹

306 803 396 845 billa.
411 803 428 844 i.
437 806 483 845 ills.
1469 801 1512 842 Ed.
1528 802 1632 846 ortena.

454 871 530 934 fellis
544 877 575 933 et
587 870 696 933 turbidi
711 867 831 950 spiritns
845 875 875 930 et
888 868 1005 949 pinguis
1019 869 1155 936 humoris
1169 869 1332 933 nouissima
1345 869 1561 951 aegritudinum

418 983 440 1036 1.
456 973 642 1035 incitamenta
653 979 731 1033 sunt.
766 988 894 1051 quorum
913 988 1073 1033 enumero
1093 971 1249 1053 praecipua
1268 972 1306 1034 sit
1325 972 1447 1033 materia
1465 971 1562 1039 morbi

456 1074 619 1148 comitialis,
636 1074 672 1135 de
687 1091 745 1152 quo
761 1072 856 1134 dicere
870 1090 993 1133 exorsus
1004 1090 1081 1146 sum,
1097 1091 1166 1135 cum
1180 1091 1247 1135 caro
1262 1074 1293 1135 in
1306 1075 1464 1136 humorem
1479 1091 1560 1136 cras-
1575 1091 1633 1146 (sor)

457 1194 524 1237 sum
551 1181 580 1236 et
600 1174 769 1256 spumidum
795 1173 914 1234 inimico
938 1173 999 1252 igni
1018 1173 1217 1253 conliquescit,
1246 1181 1275 1243 ct
1300 1175 1405 1256 spiritu
1429 1175 1560 1237 indidem

455 1282 540 1357 porto
561 1295 596 1338 ex
616 1277 742 1338 candore
757 1274 919 1354 compressi
934 1274 1009 1335 acris
1029 1275 1123 1336 albida
1142 1282 1171 1337 et
1190 1277 1303 1338 tumida
1321 1278 1403 1339 tabes
1417 1275 1493 1338 fluit.
1528 1293 1563 1337 ea
1584 1289 1599 1338 5
1633 1280 1634 1283 ’

456 1395 583 1456 namque
597 1378 679 1440 tabes
693 1377 719 1439 si
732 1377 812 1439 foras
827 1375 961 1456 corporis
976 1376 1164 1456 prospirauit,
1184 1374 1296 1437 maiore
1311 1376 1453 1440 dedecore
1474 1395 1563 1456 quam

367 1498 442 1538 aras.
457 1496 534 1541 noxa
548 1478 728 1542 diffunditur.
754 1477 883 1557 pectoris
903 1477 983 1537 enim
996 1477 1157 1557 primorem
1173 1477 1265 1539 cutim
1279 1477 1420 1558 uitiligine
1434 1473 1563 1563 inlsignit

457 1587 487 1642 et
507 1580 686 1642 omnimodis
706 1578 949 1641 maculationibus
970 1577 1133 1640 conuariat:
1159 1579 1211 1642 sed
1230 1578 1277 1641 cui
1295 1580 1354 1641 hoc
1368 1598 1425 1642 usu
1439 1579 1563 1654 uenerit,

457 1700 607 1762 nunquam
628 1688 731 1763 postea
750 1680 888 1742 comitiali
912 1679 1018 1741 morbo
1044 1680 1249 1760 adtemptatur.
1289 1680 1329 1742 ita
1353 1681 1563 1762 aegritudinem

457 1783 546 1846 animi
561 1783 764 1864 grauissimam
779 1783 837 1844 leui
851 1780 1032 1863 turpitudine
1046 1783 1180 1864 corporis
1196 1790 1376 1864 compensat.
1410 1785 1561 1848 enimuero
1585 1796 1616 1848 ιο

458 1886 483 1948 si
503 1885 667 1965 perniciosa
688 1885 737 1946 illa
754 1883 877 1945 dulcedo
898 1883 978 1945 intus
993 1883 1120 1944 cohibita
1134 1889 1164 1945 et
1181 1883 1232 1946 bili
1251 1891 1330 1946 atrae
1349 1884 1458 1948 sociata
1477 1887 1561 1949 uenis
1576 1910 1634 1965 (sos)

459 1987 596 2049 omnibus
610 1987 712 2048 furem
724 1985 862 2067 peruasit,
878 1985 943 2047 dein
956 1986 993 2047 ad
1004 2003 1155 2046 summum
1167 1993 1254 2067 caput
1264 1986 1343 2047 uiam
1353 1988 1455 2050 molita
1466 1989 1564 2073 dirum

458 2089 571 2150 lluxum
595 2089 715 2151 cerebro
740 2086 910 2159 immiscuit,
935 2086 1001 2147 ilico
1026 2087 1153 2166 regalem
1177 2094 1291 2167 partem
1316 2088 1406 2150 animi
1425 2089 1563 2164 debilitat,

459 2206 533 2270 qnae
553 2190 666 2251 ratione
684 2189 798 2270 pollens
818 2187 960 2250 uerticem
979 2187 1109 2250 hominis
1129 2188 1212 2250 uelut
1230 2207 1327 2250 arcem
1349 2196 1378 2251 et
1392 2191 1502 2271 regiam
1516 2191 1564 2254 in·

459 2290 542 2352 sedit.
572 2290 634 2351 eius
650 2290 757 2370 quippe
771 2289 885 2352 diuinas
899 2289 963 2351 uias
978 2295 1007 2350 et
1021 2289 1166 2369 sapientes
1180 2296 1295 2352 meatus
1307 2290 1407 2354 obruit
1419 2299 1449 2355 et
1459 2293 1564 2356 obtur·
1586 2301 1617 2353 15

458 2391 523 2454 bat:
546 2391 625 2472 quod
643 2392 712 2453 facit
730 2392 846 2453 minore
865 2391 994 2471 pernicie
1013 2408 1066 2471 per
1089 2410 1238 2471 soporem,
1265 2411 1333 2454 cum
1351 2400 1425 2473 potu
1445 2401 1474 2456 et
1498 2395 1563 2458 cibo

458 2493 563 2574 plenos
582 2493 736 2555 comitialis
760 2493 858 2556 morbi
884 2492 1057 2573 praenuntia
1082 2493 1311 2574 strangulatione
1335 2496 1450 2558 modice
1475 2495 1563 2577 angit.

460 2596 512 2659 sed
526 2595 552 2658 si
566 2613 660 2674 usque
674 2594 746 2656 adeo
762 2602 846 2656 aucta
860 2601 915 2668 est,
930 2600 963 2655 ut
978 2593 1065 2654 etiam
1079 2594 1262 2674 uigilantium
1282 2597 1368 2677 capiti
1384 2599 1563 2672 offundatur,

458 2705 524 2760 tum
548 2715 620 2760 uero
643 2697 795 2777 repentino
815 2697 924 2759 mentis
949 2695 1050 2757 nubilo
1072 2695 1285 2776 obtorpescunt
1304 2695 1317 2782 ΙΙ
1338 2706 1368 2761 et
1385 2699 1563 2764 moribundo

460 2819 584 2881 corpore
609 2806 742 2861 cessante
762 2799 860 2861 animo
881 2799 998 2860 cadunt.
1039 2816 1108 2859 eum
1128 2799 1224 2862 nostri
1238 2817 1300 2861 non
1313 2801 1404 2863 modo
1419 2802 1562 2864 maiorem
1584 2813 1617 2864 ao

460 2908 489 2964 et
503 2892 690 2974 comitialem,
704 2917 811 2961 uerum
825 2901 913 2961 etiam
928 2899 1063 2961 diriinum
1076 2901 1226 2976 morbum,
1242 2901 1282 2964 ita
1301 2910 1335 2963 ut
1356 2902 1457 2971 Graeci
1477 2894 1566 2987 laprio

459 2997 564 3080 νόσον,
587 3021 658 3064 uere
671 3008 895 3081 nuncuparunt:
911 3000 1045 3062 uidelicet
1059 3002 1140 3080 quod
1153 3002 1244 3065 animi
1258 3009 1373 3085 partem
1383 3004 1565 3079 rationalem,

461 3123 535 3186 quae
548 3106 635 3185 longe
650 3102 834 3166 sanctissima
848 3108 903 3176 est,
918 3120 984 3163 eam
997 3102 1097 3164 uiolet.

412 3224 444 3278 ιι
501 3216 506 3221 ’
544 3206 697 3287 Agnoscis,
711 3205 845 3278 Maxime,
860 3204 1006 3267 rationem
1016 3204 1147 3268 Platonis
1163 3213 1305 3286 quantum
1320 3207 1404 3289 potui
1419 3225 1474 3288 pro
1488 3213 1565 3269 tem-

458 3328 533 3390 pore
546 3308 700 3390 perspicue
714 3307 895 3389 explicatam,
915 3306 963 3368 cui
982 3324 1036 3387 ego
1055 3307 1143 3370 fidem
1164 3308 1321 3372 arbitratus
1341 3326 1460 3372 causam
1474 3308 1566 3371 diuini
1585 3318 1619 3368 25

460 3409 558 3474 morbi
572 3428 647 3485 esse,
668 3427 737 3472 cum
750 3409 799 3472 illa
812 3408 904 3489 pestis
922 3408 954 3471 in
972 3416 1060 3492 caput
1072 3409 1257 3486 redundauit,
1276 3412 1502 3494 haudquaquam
1516 3411 1564 3474 ui·
1572 3429 1637 3484 guo>

413 3670 415 3673 ·
530 3645 731 3698 deamicinlisv
753 3643 765 3713 l
787 3644 1028 3712 iconliquaescitv
1054 3645 1058 3714 Ι
1085 3646 1177 3713 spiritu
1188 3648 1219 3714 F,
1232 3649 1348 3716 spiritum
1359 3665 1400 3717 ‹pv
1424 3646 1436 3716 l
1463 3648 1564 3715 oporto

461 3726 536 3796 Foru:
549 3727 664 3794 spiritum
676 3727 734 3778 inde
746 3726 813 3793 parit
824 3733 851 3777 et
861 3725 989 3791 tameo,
1003 3727 1119 3794 spiritum
1129 3728 1238 3781 indidem
1250 3737 1324 3796 parta
1339 3728 1537 3781 Hildabroerdiur
1561 3726 1567 3796 Ι

461 3809 547 3860 calore
564 3809 686 3862 Pronus
716 3805 721 3876 Ι
752 3807 854 3870 tumida]
876 3807 989 3873 spumida
1009 3808 1132 3861 Ρήοαοω
1160 3807 1170 3878 ΙΙ
1200 3811 1344 3877 licorpore
1364 3809 1488 3862 erem
1511 3807 1522 3877 l
1549 3810 1565 3860 ’1

461 3891 581 3956 pectoris]
595 3890 710 3957 corporis
723 3888 890 3939 Casmbooar
914 3885 924 3955 ΙΙ
947 3889 963 3939 9
976 3889 1100 3941 comiciali
1111 3907 1129 3942 v
1152 3889 1156 3956 1
1176 3892 1345 3956 adtemptatnr
1357 3891 1411 3960 up,
1423 3891 1564 3957 alumpn-

462 3970 545 4023 torV
574 3969 585 4039 l
609 3973 641 4023 10
658 3965 769 4021 rumas
799 3968 803 4038 1
836 3976 980 4036 compescat
995 3986 1012 4021 v
1040 3969 1051 4038 ΙΙ
1080 3970 1109 4022 11
1129 3972 1244 4037 dulcedo]
1262 3975 1427 4040 comptam
1441 3972 1567 4038 sortasse

462 4051 545 4116 uligo;
564 4052 654 4102 albedo
671 4050 780 4116 Uolnius,
800 4051 920 4102 muccedo
938 4049 1082 4103 Vulcanius
1105 4048 1116 4119 l
1140 4052 1172 4104 13
1187 4051 1257 4103 illico
1274 4067 1315 4119 ‹pv
1338 4050 1349 4120 l
1377 4050 1537 4105 14'nelndll
1562 4049 1568 4120 Ι

463 4141 489 4185 et
501 4131 596 4197 regiam
607 4147 657 4201 φν,
669 4131 828 4194 emgirmF
851 4130 862 4200 l
890 4132 923 4183 15
940 4130 1061 4197 snpientia
1073 4148 1114 4202 φν
1140 4131 1144 4198 Ι
1171 4131 1282 4185 obstruit
1298 4140 1325 4184 et
1342 4134 1445 4186 obturat
1460 4131 1568 4185 Fnloim

461 4212 471 4280 ΙΙ
492 4215 523 4266 17
536 4211 689 4281 praenuncia
699 4227 717 4263 v
739 4209 750 4279 l
775 4212 806 4264 19
816 4217 879 4280 post
889 4211 1071 4278 obtorpescunt
1081 4216 1108 4265 ia
1120 4213 1141 4266 F
1153 4227 1247 4266 rasura
1269 4211 1280 4282 ll
1304 4214 1334 4266 21
1349 4213 1504 4267 comiclalenr
1515 4229 1533 4265 r
1556 4210 1568 4281 l

464 4304 493 4355 21
508 4304 575 4354 otta
586 4303 686 4370 napea
697 4300 820 4354 rocon
837 4302 890 4372 ra,
903 4275 1023 4370 irs-:pou
1044 4281 1205 4357 noconv
1228 4303 1239 4374 ι
1262 4305 1295 4356 aa
1311 4320 1375 4357 aare
1391 4300 1427 4356 v:
1444 4303 1492 4358 aa.
1508 4301 1568 4356 sar-

463 4383 597 4452 manuel
628 4385 718 4437 23est
736 4399 762 4448 r,
782 4387 809 4435 ia
830 4384 909 4437 Fert
925 4402 1039 4451 nasum,
1064 4389 1092 4438 iar
1113 4403 1136 4458 φ
1156 4389 1272 4438 wintrio
1293 4402 1389 4440 rasura
1422 4384 1435 4456 l
1468 4385 1501 4458 21
1520 4400 1568 4461 po·

463 4519 630 4575 subdolam
658 4520 669 4590 l
696 4466 852 4590 licapfp
877 4517 884 4589 Ι
909 4518 1110 4589 ndndrnitl‘ll
