3867 5559
466 719 507 782 72
816 714 845 767 l..
863 711 986 767 APVLEI
1004 711 1240 766 nlnsvnnnsls

319 807 336 850 l.
344 808 406 850 ltlb.
420 807 491 848 tabe.
1486 798 1530 841 nd.
1541 799 1649 843 Oudend.

469 871 633 955 plicassem,
649 884 833 951 quacumque
846 865 970 929 materia
984 847 1146 930 dummodo
1161 866 1255 947 lignea
1270 867 1459 948 exsculperet.
1487 866 1575 947 igitur

463 957 567 1054 vprimo
579 972 704 1034 buxeam
715 974 884 1049 temptasse.
906 966 1025 1030 interim
1040 966 1112 1030 dum
1123 987 1177 1048 ego
1189 968 1251 1031 ruri
1262 986 1326 1050 ago,
1340 968 1481 1031 Sicinium
1492 969 1574 1032 Pon·

469 1075 582 1138 tianum
597 1073 768 1154 priuignum
782 1088 893 1143 mcum,
910 1069 960 1149 qui
975 1068 1172 1131 mihifastum
1186 1065 1314 1145 uolebat,
1332 1070 1505 1150 impetratos
1519 1071 1574 1133 he-

469 1176 538 1238 beni
557 1175 669 1237 loculos
689 1193 706 1236 a
726 1173 848 1236 muliere
866 1170 1075 1233 honestissima
1094 1170 1255 1252 Capitolina
1277 1171 1360 1233 adse
1378 1173 1523 1235 attulisse:
1540 1193 1575 1235 ex

469 1277 518 1340 illa
532 1276 633 1358 potius
647 1276 769 1338 materia
782 1273 893 1337 rariore
908 1279 937 1333 et
952 1271 1127 1335 durabiliore
1141 1274 1184 1335 uti
1198 1273 1306 1335 laceret
1320 1273 1522 1336 adhortatum:
1542 1273 1573 1336 id
1587 1256 1648 1374 (ξω)

470 1396 580 1441 munus
592 1394 660 1440 cum
671 1376 775 1458 primis
786 1374 859 1437 mihi
871 1380 987 1454 gratum
1000 1363 1074 1436 rdre:
1101 1374 1263 1437 secundum
1278 1393 1312 1437 ea
1326 1395 1358 1438 se
1372 1375 1486 1449 fecisse,
1501 1393 1574 1456 pro·
1622 1417 1629 1432 .

470 1478 538 1541 inde
562 1485 596 1541 ut
619 1477 707 1540 loculi
732 1475 935 1558 suppetebant.
977 1475 1017 1537 ita
1036 1475 1203 1538 minutatim
1231 1496 1267 1540 ex
1286 1477 1398 1540 tabellis
1425 1481 1577 1557 compacta

471 1579 663 1643 crassitudine
677 1577 884 1642 Mercuriolum
899 1576 1027 1658 expediri
1040 1577 1182 1658 potuisse.
1279 1612 1284 1622 ,

389 1694 457 1747 Lxll
559 1680 638 1743 Haec
650 1687 685 1742 ut
699 1681 764 1742 dico
780 1679 879 1742 omnia
894 1678 1008 1741 audisti.
1038 1685 1187 1759 practerea
1205 1697 1221 1740 a
1240 1679 1299 1742 filio
1315 1679 1491 1760 Capitolinae
1499 1694 1577 1759 ‘pro-

470 1783 594 1846 bissimo
615 1783 801 1846 adulescente
820 1779 834 1866 ΙΙ
854 1782 904 1861 qui
923 1798 1063 1863 praesens
1085 1787 1130 1842 est
1149 1781 1313 1844 sciscitante
1332 1788 1362 1843 tc
1383 1780 1485 1843 cadem
1500 1781 1576 1842 dicta
1598 1801 1632 1851 10

472 1891 555 1948 sunt:
571 1884 749 1948 Pontianum
764 1883 877 1946 loculos
892 1883 1010 1963 petisse,
1029 1882 1207 1946 Pontianum
1223 1883 1382 1945 Saturnino
1403 1882 1504 1945 artifici
1523 1882 1576 1945 de-

470 1986 582 2049 tulisse.
613 1986 701 2048 etiam
711 1985 782 2048 illud
793 2001 855 2047 non
865 1990 999 2064 negatur,
1013 1984 1191 2047 Pontianum
1206 2003 1223 2047 a
1239 1985 1397 2047 Saturnino
1412 1984 1577 2066 perfectum

471 2078 599 2169 sigillum
613 2087 767 2167 recepisse,
788 2093 891 2167 postea
912 2078 985 2147 milri
1005 2085 1083 2149 deno
1106 2085 1230 2148 dedisse.
1259 2087 1306 2149 his
1328 2086 1465 2148 omnibus
1480 2087 1576 2166 palam

472 2196 558 2269 atquc
571 2180 672 2269 aperte
687 2187 828 2269 probatis,
845 2187 913 2268 quid
929 2188 1051 2249 omnino
1066 2195 1211 2268 superest,
1226 2189 1258 2250 in
1272 2207 1330 2268 quo
1343 2187 1466 2268 suspitio
1482 2187 1577 2268 aliqua

381 2315 456 2356 erce.
470 2290 583 2370 magiae
602 2285 775 2351 densescat?
802 2289 894 2350 immo
919 2285 924 2374 Ι
948 2288 1019 2369 quid
1039 2289 1160 2350 omnino
1181 2298 1235 2365 est,
1256 2289 1334 2369 quod
1354 2308 1411 2352 uos
1431 2289 1634 2356 manifesti-15

471 2391 614 2454 mendacii
628 2407 690 2454 non
704 2388 857 2454 reuincat?
881 2390 994 2452 occulte
1005 2390 1179 2453 fabricatum
1194 2410 1259 2453 esse
1270 2390 1391 2465 dixistis,
1408 2392 1487 2472 quod
1497 2391 1578 2454 Pon·

470 2494 567 2556 danus
582 2491 836 2574 splendidissimus
851 2509 940 2571 eques
954 2491 1018 2554 fieri
1030 2491 1152 2566 curauit,
1169 2492 1248 2571 quod
1261 2492 1437 2554 Saturninus
1452 2492 1498 2554 uir
1512 2510 1579 2572 gra-

373 2658 375 2665 ,
471 2596 518 2658 uis
539 2602 568 2656 et
585 2594 678 2675 probe
698 2594 775 2656 inter
794 2610 865 2654 suos
885 2592 1020 2673 cognitus
1039 2593 1071 2655 in
1089 2593 1210 2655 taberna
1230 2613 1283 2656 sua
1303 2595 1407 2656 sedens
1427 2595 1579 2675 propalam

472 2695 639 2777 exsculpsit,
656 2696 735 2776 quod
751 2695 937 2757 ornatissima
951 2700 1087 2757 matrona
1101 2711 1224 2757 munere
1239 2713 1293 2758 suo
1309 2695 1429 2770 adiuuit,
1451 2695 1529 2775 quod
1551 2702 1580 2756 et

472 2801 657 2863 futurumst
680 2797 792 2859 lactum
812 2790 898 2860 multi
917 2815 986 2858 cum
1007 2814 1164 2859 seruorum
1188 2802 1253 2859 tum
1279 2797 1443 2859 amicorum
1468 2798 1517 2876 qui
1542 2797 1578 2859 ad
1599 2811 1634 2863 20

473 2919 521 2962 me
535 2897 717 2962 uentitabant
731 2898 869 2960 scierunt.
899 2897 1044 2977 lignuma
1064 2916 1112 2959 me
1131 2904 1194 2960 toto
1217 2897 1325 2979 oppido
1345 2905 1375 2960 et
1390 2898 1508 2978 quidem
1523 2917 1578 2979 op-

472 3001 541 3082 pido
568 3000 733 3081 quaesitum
755 3016 817 3062 non
841 2998 935 3079 piguit
958 3016 1015 3060 uos
1029 2997 1237 3074 'commentiri
1263 3018 1352 3080 quem
1366 3000 1474 3062 aluisse
1492 3000 1523 3062 in
1542 3018 1577 3060 ec

471 3111 605 3185 tempore
630 3101 725 3176 scitis,
757 3118 845 3181 quem
869 3099 991 3164 iussisse
1015 3099 1078 3162 fieri
1104 3099 1297 3182 qualicunque
1325 3102 1446 3165 materia
1469 3100 1578 3184 proba·

472 3212 538 3268 tum
552 3209 606 3267 est.

375 3313 455 3370 uxlll
557 3304 689 3367 'lertium
715 3302 900 3366 mendacium
920 3308 1055 3364 uestrum
1079 3303 1148 3378 fuit,
1174 3304 1359 3368 macilentam
1384 3304 1432 3367 uel
1456 3303 1576 3366 omniuo
1597 3319 1631 3370 25

472 3612 607 3679 plicasscm
626 3610 701 3678 qu:
727 3607 1074 3675 elaboraret-supplicarem
1095 3610 1135 3662 vel
1154 3609 1516 3677 elaborassit-snpplicassim
1540 3608 1580 3660 cel

473 3692 692 3756 elaborasseretu-
708 3691 918 3757 supplicasserem
938 3690 1070 3744 Acidab‘ua
1107 3690 1111 3759 Ι
1150 3693 1184 3757 et]
1208 3691 1295 3744 malim
1318 3699 1347 3742 ut
1389 3690 1394 3758 Ι
1436 3690 1577 3743 cuiuscum-

473 3789 550 3841 qnev
572 3770 584 3841 ΙΙ

534 3854 545 3903 1
561 3867 705 3921 quacunque
718 3868 734 3904 v
749 3849 754 3919 Ι
769 3851 917 3918 exsculpere
923 3850 953 3915 F,
960 3852 1108 3918 exculperet
1120 3867 1136 3904 v
1148 3849 1159 3920 il
1170 3853 1186 3904 2
1198 3858 1335 3918 temptasse
1347 3867 1373 3918 v,
1386 3858 1498 3904 tentasse
1510 3850 1556 3922 ligo
1567 3849 1579 3920 ΙΙ

474 3935 646 4000 3impetratos
659 3949 684 3997 v,
697 3932 845 3999 impetratas
857 3932 887 3996 F,
899 3932 1048 3998 impetratus
1061 3950 1083 4002 φ
1104 3928 1115 4000 ΙΙ
1135 3933 1151 3983 4
1168 3931 1276 3996 loculos]
1288 3930 1394 3984 baculos
1410 3932 1527 4001 Scaliger
1538 3930 1577 4001 1Ιὸ

473 4015 579 4067 materie
591 4030 632 4083 φν
654 4013 673 4081 lp
689 4003 816 4078 dgratum
827 4012 886 4064 mihi
898 4029 911 4070 ς
935 4015 941 4080 Ι
968 4013 1104 4064 secundum
1115 4027 1146 4063 ea
1157 4030 1181 4081 φ
1194 4014 1230 4076 (et
1241 4012 1425 4079 casaubonus),
1437 4013 1477 4080 lec
1491 4017 1507 4066 d
1522 4029 1578 4065 mea

474 4095 602 4161 P‚'sccdm
613 4110 644 4146 ca
655 4094 688 4158 V,
700 4095 745 4145 sed
757 4109 787 4145 ea
799 4111 813 4152 ς
838 4094 842 4160 1
868 4093 973 4160 proinde
985 4110 1016 4162 φ,
1029 4093 1103 4157 piade
1115 4093 1145 4158 F,
1157 4093 1260 4159 perinde
1272 4109 1289 4146 v
1310 4091 1321 4162 ΙΙ
1346 4095 1360 4143 'l
1373 4094 1453 4145 loculi
1464 4110 1489 4159 v,
1505 4094 1578 4146 locu-

474 4176 565 4243 liqup
591 4175 595 4242 Ι
622 4174 714 4228 itemF
747 4171 757 4240 ΙΙ
790 4175 822 4226 10
833 4174 996 4226 adulescente
1008 4173 1062 4239 dv,
1075 4174 1239 4227 adulescente
1259 4176 1326 4242 <piet
1337 4189 1434 4244 rasura
1460 4171 1470 4242 11
1503 4175 1578 4226 lbet

474 4263 565 4322 postea
585 4272 603 4306 v
633 4254 644 4324 ΙΙ
678 4257 709 4307 14
730 4254 880 4321 empitius,
904 4254 1014 4320 suspicio
1035 4254 1081 4325 no
1112 4252 1123 4323 ΙΙ
1155 4254 1187 4306 16
1209 4269 1266 4305 esse
1290 4255 1401 4319 sigillum
1426 4271 1439 4313 ς
1472 4253 1477 4322 Ι
1511 4255 1577 4321 quod

640 4337 743 4390 copem.
757 4332 809 4385 ece.)

376 4392 378 4396 ’
472 4406 497 4472 s,
510 4402 558 4456 quo
571 4388 625 4454 FV,
637 4405 665 4456 eq
832 4405 855 4459 φ
879 4386 890 4457 ss
914 4389 945 4441 18
957 4388 1118 4446 tabernulas
1137 4384 1149 4455 l
1173 4388 1205 4440 ¹9
1217 4388 1343 4455 exculpsit
1354 4389 1417 4459 llqcv
1440 4386 1451 4457 ΙΙ
1479 4388 1512 4439 20
1526 4387 1576 4454 qui]

1000 4481 1013 4510 e
1027 4480 1041 4511 s
1054 4466 1120 4521 (mac.
1134 4469 1185 4524 aee.)

476 4501 815 4592 qd’opllttqnemc,quem
828 4539 900 4592 quern
912 4522 965 4589 ΙΝ,
979 4527 1029 4590 q’q‘
1184 4521 1335 4592 ‹plaiulsse
1349 4520 1403 4586 PV,
1418 4521 1555 4590 siluissem
1569 4519 1579 4588 ll
