3867 5559
860 749 1030 806 Arououle
1084 762 1088 768 ’
1453 756 1494 815 77

312 836 355 876 nu.
371 833 475 877 maana.
1461 837 1547 878 rursu
1562 837 1578 876 r.
1590 838 1644 878 rar.

384 910 485 974 autem
501 902 610 981 gloriae
635 920 722 965 causa
740 921 789 964 me
808 910 938 977 accusat,
959 911 994 964 ut
1017 904 1055 965 Μ.
1075 902 1221 964 Antonius
1241 879 1293 964 Cn.
1314 903 1487 978 Carbonem,

384 1005 416 1066 C.
434 1004 547 1066 blucius
565 1002 600 1065 Α.
620 1003 785 1090 Albucium,
809 1005 843 1066 P.
864 1004 1010 1084 Sulpicius
1031 1003 1061 1065 0.
1077 1003 1259 1078 Norbanum,
1278 1002 1310 1067 L.
1325 1004 1431 1085 Fufius
1446 1005 1488 1067 Μ’

383 1105 541 1186 Aquilium,
557 1107 588 1168 C.
604 1106 692 1169 Curio
707 1106 742 1178 Q.
757 1106 914 1167 Metellum.
945 1105 1053 1186 quippe
1071 1103 1103 1166 bi
1116 1122 1216 1168 omnes
1232 1106 1427 1169 eruditissimi
1440 1107 1488 1168 iu-

313 1227 371 1281 (eset
385 1223 476 1270 uenes
490 1208 584 1269 laudis
598 1208 689 1287 gratia
702 1209 833 1287 primum
846 1207 905 1268 boc
918 1206 1120 1270 rudimentum
1139 1208 1266 1270 lorensis
1282 1225 1388 1288 operae
1406 1207 1489 1270 subi-

348 1318 364 1368 5
383 1310 464 1383 bant,
479 1316 513 1371 ut
531 1309 628 1388 aliquo
647 1309 753 1388 insigni
773 1308 880 1371 iudicio
900 1309 1014 1371 ciuibus
1033 1310 1095 1371 suis
1114 1317 1316 1373 noscerentur.
1351 1311 1402 1388 qui
1422 1328 1488 1372 mos

382 1411 588 1492 incipientibus
611 1410 837 1473 adulescentulis
863 1411 900 1472 ad
923 1411 1130 1473 illustrandum
1149 1412 1257 1491 ingenii
1282 1413 1386 1474 florem
1410 1412 1488 1492 apud

384 1514 520 1592 antiquos
542 1529 701 1574 concessus
726 1512 776 1574 diu
799 1513 936 1575 exoleuit:
964 1513 1043 1593 quod
1068 1514 1094 1575 si
1111 1529 1191 1576 nunc
1214 1531 1331 1593 quoque
1348 1513 1487 1592 frequens

384 1622 471 1689 esset,
486 1621 586 1676 tamen
606 1614 641 1676 ab
662 1615 721 1675 hoc
738 1615 842 1694 procul
856 1615 986 1679 afuisset.
1016 1633 1086 1678 nam
1102 1633 1197 1696 neque
1215 1614 1367 1677 facundiae
1386 1621 1487 1675 osten-

383 1717 454 1779 tatio
469 1717 536 1779 rudi
550 1723 579 1777 et
593 1716 722 1790 indocto,
740 1733 836 1795 neque
856 1717 964 1795 gloriae
984 1718 1089 1798 cupido
1110 1718 1220 1780 rustico
1236 1716 1413 1791 albamara,
1432 1733 1488 1778 ne-

332 1826 365 1877 lo
385 1837 441 1897 que
465 1819 590 1899 inceptio
611 1816 843 1898 patrociniorum
869 1806 998 1899 capulari
1022 1820 1084 1880 seui
1108 1820 1302 1900 congruisset,
1328 1819 1385 1880 nisi
1410 1819 1487 1880 forte

380 1919 561 2006 ¹Aemilianus
581 1937 636 1999 pro
660 1938 714 1981 sua
733 1920 888 1983 seueritate
911 1922 1078 2002 exemplum
1099 1921 1179 1984 dedit
1200 1927 1229 1982 et
1248 1920 1319 2000 ipsis
1338 1919 1487 1981 maleficiis

383 2021 517 2084 infensus
540 2022 756 2084 accusationem
779 2022 866 2083 istam
885 2041 940 2102 pro
965 2041 1085 2085 morum
1104 2023 1267 2102 integritate
1287 2021 1424 2101 suscepit.
1460 2031 1489 2081 at

383 2123 442 2185 boc
455 2141 509 2202 ego
523 2121 696 2197 Aemiliano,
710 2140 773 2185 non
786 2124 855 2185 huic
866 2122 947 2198 Afro,
963 2124 1016 2186 sed
1029 2125 1069 2186 illi
1080 2124 1216 2186 Africano
1228 2129 1257 2184 ct
1268 2121 1448 2185 Numantino
1459 2128 1489 2183 et

383 2231 532 2304 praeterea
551 2211 693 2287 Censorio
712 2225 762 2286 uix
781 2225 985 2286 credidissem:
1018 2243 1055 2287 ne
1078 2226 1148 2289 huic
1170 2226 1268 2288 frutici
1287 2224 1405 2286 credam
1426 2240 1488 2285 nou

333 2339 364 2391 1⁵
383 2327 475 2388 modo
491 2326 591 2387 odium
607 2332 795 2405 peccatorum
809 2327 862 2388 sed
877 2326 982 2388 saltem
997 2327 1176 2390 intellectum
1191 2327 1297 2390 inesse.

405 2593 416 2639 1
439 2590 490 2642 Cic.
508 2591 541 2640 ad
559 2589 618 2642 fam.
637 2591 709 2641 Vllll
728 2593 771 2654 21,
790 2593 818 2642 3:
838 2599 888 2642 tres
907 2591 943 2640 illi
961 2591 1049 2642 fratres
1068 2593 1175 2655 fuerunt,
1198 2589 1226 2644 C.
1247 2589 1293 2643 Cn.
1317 2590 1352 2641 M.
1374 2590 1434 2641 Car·

435 2675 522 2744 bones.
550 2675 652 2724 Marcus
669 2676 698 2726 P.
724 2677 815 2726 Flacco
840 2683 974 2726 accusante
991 2678 1179 2739 condemnatus,
1198 2675 1238 2724 fur
1265 2688 1379 2738 maguus,
1402 2689 1434 2725 ex

397 2761 399 2767 ’
437 2757 527 2806 Sicilia.
565 2757 639 2807 Caius
663 2766 795 2809 accusante
818 2760 849 2808 L.
874 2759 965 2808 Crasso
993 2761 1152 2810 cantharidas
1175 2759 1309 2822 sumpsisse
1332 2759 1432 2806 dieitur:

437 2840 458 2887 is
475 2847 501 2888 et
518 2841 629 2891 tribunus
648 2845 682 2906 pl.
700 2844 830 2892 seditiosus
848 2849 873 2891 et
897 2843 926 2893 P.
946 2843 1065 2893 Africano
1083 2844 1135 2892 uim
1153 2844 1262 2893 attulisse
1280 2843 1433 2892 existimatus

437 2930 482 2971 est.
518 2924 568 2973 boo
587 2941 655 2990 uero,
680 2928 722 2990 qui
740 2927 850 2993 Lilybaei
869 2941 884 2975 a
902 2927 1019 2990 Pompeio
1044 2934 1129 2977 nostro
1154 2932 1191 2976 est
1213 2926 1365 2987 interiectus,
1389 2927 1433 2975 im·

437 3007 536 3068 probior
557 3023 631 3058 nemo
653 3026 710 3060 meo
733 3011 822 3060 iudicio
841 3011 894 3062 suit.
925 3012 982 3060 iam·
993 3017 1064 3074 pater
1082 3011 1133 3060 eius
1151 3016 1281 3059 accusatus
1299 3024 1315 3059 a
1331 3012 1366 3063 M.
1380 3013 1433 3060 Au·

437 3090 505 3138 tonio
523 3091 615 3140 sutorio
634 3099 773 3144 atramento
791 3095 920 3144 absolutus
937 3102 1047 3158 putatur.
1070 3120 1099 3129 -
1119 3095 1189 3147 Brut.
1208 3096 1250 3157 43,
1272 3096 1320 3144 159
1340 3095 1384 3161 (cf.
1402 3097 1433 3144 de

437 3174 615 3238 oraclum,
635 3179 680 3236 14;
698 3178 724 3226 in
742 3179 814 3228 Verr.
833 3177 870 3226 lll
890 3180 913 3239 1,
933 3175 973 3243 3)=
992 3177 1118 3226 accusauit
1141 3175 1267 3242 (Crassus)
1292 3177 1320 3227 C.
1340 3177 1433 3229 Carbo-

437 3271 511 3317 nem,
539 3257 766 3320 eloquentissimum
792 3261 933 3323 hominem,
961 3262 1096 3311 admodum
1118 3255 1288 3311 adulescens!
1309 3276 1433 3311 summam

436 3340 528 3405 ingenii
546 3355 597 3389 non
615 3342 715 3407 laudem
732 3343 815 3407 modo,
835 3345 878 3394 sed
897 3346 972 3394 etiam
991 3345 1179 3395 admirationem
1198 3353 1236 3394 est
1254 3353 1410 3398 consecutus.

402 3423 641 3486 aibid.2a,102*=
667 3424 766 3476 Mucius
788 3433 872 3477 autem
897 3443 984 3493 augur,
1009 3429 1075 3492 quod
1097 3443 1143 3493 pro
1167 3443 1194 3480 se
1217 3442 1279 3494 opus
1298 3437 1358 3494 arat,
1380 3431 1433 3495 ipse

437 3507 541 3570 dicebat,
559 3514 586 3557 ut
604 3508 636 3558 de
653 3510 764 3573 pssumis
781 3512 922 3576 repetundis
939 3519 1027 3563 contra
1044 3513 1075 3567 Τ.
1093 3513 1232 3565 Albucium.
1260 3515 1283 3565 it
1305 3522 1433 3576 oratorum

436 3591 462 3639 in
480 3605 585 3642 numero
602 3607 654 3642 non
672 3593 731 3643 luite
755 3595 814 3646 iuris
832 3595 910 3645 ciuilis
927 3596 1094 3661 intellegentia
1111 3604 1185 3662 atque
1203 3600 1272 3649 omni
1289 3599 1434 3664 prudentiae
1474 3651 1479 3662 ¹

435 3689 526 3738 genere
548 3677 676 3739 praestitit.
701 3679 784 3728 -da
808 3681 851 3730 off.
869 3680 895 3730 11
914 3681 955 3743 14,
973 3683 1021 3730 49:
1045 3683 1120 3732 etiam
1141 3683 1169 3732 Ρ.
1192 3682 1294 3747 Sulpicii
1315 3683 1432 3747 eloquan-

437 3760 499 3808 tiam
517 3762 643 3811 accusatio
661 3761 798 3824 illustrauit,
816 3777 874 3811 cum
891 3763 1034 3814 seditiosum
1052 3771 1077 3815 et
1095 3765 1207 3815 inutilem
1219 3767 1309 3830 ciuem,
1328 3766 1357 3817 (l.
1367 3767 1432 3816 Nor·

435 3843 536 3904 bunum,
554 3844 580 3893 in
597 3835 716 3895 iudicium
733 3845 842 3896 uocauit.
861 3873 895 3884 -
913 3847 983 3901 Brut.
1002 3850 1045 3912 62,
1059 3844 1110 3897 222
1130 3845 1174 3915 (ci.
1188 3849 1219 3898 de
1231 3849 1274 3903 off.
1286 3847 1431 3914 1114,50):

435 3927 541 3975 multum
565 3927 596 3975 ab
621 3929 662 3978 his
684 3929 769 3978 aberat
792 3927 822 3978 L.
840 3926 940 3981 Fufius:
965 3938 1049 3983 tamen
1067 3947 1100 3984 ex
1118 3933 1277 3984 accusatione
1295 3928 1432 3996 M'dquili

436 4010 577 4073 diligentiae
595 4010 704 4061 fructum
722 4016 831 4076 ceperat.
846 4041 880 4050 -
899 4014 956 4067 ibid.
976 4016 1019 4080 89,
1039 4017 1099 4067 305.

450 4228 463 4280 1
476 4234 538 4298 post
548 4235 652 4282 accusat
662 4233 690 4282 in
702 4231 723 4283 F
735 4247 831 4285 rasura
853 4229 865 4301 Ι
888 4233 903 4285 2
916 4231 1011 4286 ldutius
1023 4235 1077 4305 up,
1090 4233 1188 4288 Mucius
1200 4251 1218 4288 v
1249 4235 1254 4300 Ι
1280 4234 1410 4288 Albutium
1421 4236 1485 4304 va

380 4306 385 4377 Ι
410 4308 438 4361 C.
451 4309 597 4363 Norbanum
608 4314 713 4381 scripsi:
729 4312 774 4365 Cu.
787 4313 933 4366 Norbanum
945 4315 1008 4384 Ὲφν
1037 4314 1043 4384 Ι
1073 4316 1102 4369 L.
1119 4316 1208 4369 Pullus
1224 4319 1329 4387 scripsi:
1348 4315 1375 4367 C.
1392 4315 1485 4369 Furius
1586 4306 1590 4313 ⁴

382 4387 446 4460 sor
471 4391 476 4458 Ι
502 4389 536 4444 Μ’
550 4391 727 4444 casaubonus:
740 4393 774 4445 bl.
788 4395 851 4464 va
874 4393 884 4464 ΙΙ
909 4397 966 4450 {lbi
976 4413 1061 4451 omues
1078 4399 1203 4452 Boneita:
1220 4398 1333 4449 homiues
1345 4396 1408 4465 va
1433 4396 1446 4465 Ι
1468 4399 1483 4448 5

380 4470 473 4522 indicio
486 4471 617 4526 Μουκίας
649 4470 660 4541 Ι
692 4465 918 4530 indolescentulis
931 4494 972 4548 φν
999 4475 1010 4548 Ι
1039 4472 1198 4532 Samiuissct
1209 4477 1239 4544 1³¹,
1260 4478 1374 4530 ahissat
1386 4495 1417 4546 φ,
1439 4477 1484 4529 ab·

381 4549 502 4607 mutatu
524 4551 535 4622 Ι
559 4553 591 4606 12
603 4553 787 4608 atAct'dalt‘trr:
799 4557 912 4629 sdllrpv
935 4557 946 4628 Ι
