3867 5559
456 748 499 811 34
815 744 844 798 L.
862 744 985 799 APVLIlI
1001 744 1237 799 MADAVRENSIS

307 839 325 880 t.
335 837 395 877 leto.
410 835 427 875 1.
435 835 469 875 lc.
1478 830 1521 871 nd.
1530 830 1634 872 Oudend.

454 963 456 966 Α
543 899 704 978 Aggredior
713 899 792 961 enim
798 898 857 961 iam
874 896 878 983 Ι
894 900 930 962 ad
939 901 1038 980 ipsum
1051 899 1162 963 crimen
1172 898 1292 979 magiae,
1304 899 1383 980 quod
1392 898 1503 978 ingenti
1512 906 1562 962 tu·
1576 921 1635 975 (ιιι)

458 1001 555 1064 multu
564 1001 602 1063 ad
612 984 752 1064 inuidiam
762 1003 820 1065 mei
831 1019 987 1065 accensum
997 1002 1136 1066 frustrata
1144 1000 1358 1082 exspectatione
1369 1001 1502 1063 omnium
1511 1018 1565 1080 per

457 1102 556 1165 nescio
572 1120 645 1182 quas
659 1103 742 1166 anilis
756 1103 868 1166 fabulas
887 1104 1065 1186 deflagrauit.
1103 1104 1292 1183 ecquandone
1307 1103 1415 1177 uidisti,
1430 1102 1563 1177 Maxime,

458 1205 607 1267 flammam
628 1206 735 1288 stipula
753 1213 885 1270 exortam
907 1208 987 1272 claro
1007 1207 1119 1288 crepitu
1142 1206 1223 1286 largo
1248 1205 1362 1286 fulgore
1389 1205 1446 1267 cito
1466 1204 1563 1268 incre-

458 1313 569 1382 mento,
585 1307 637 1370 sed
652 1307 731 1370 enim
745 1309 938 1373 materialem
952 1311 1064 1373 caduco
1078 1308 1214 1371 incendio
1229 1307 1317 1370 nirllis
1331 1304 1482 1388 reliquiis?
1493 1308 1563 1371 hem
1585 1320 1600 1372 5
1617 1370 1618 1373 ,

456 1409 509 1472 tibi
527 1409 576 1472 illa
594 1410 738 1474 accusatio
758 1410 860 1490 iurgiis
880 1411 966 1486 inita,
987 1409 1086 1476 uerbis
1111 1416 1210 1484 aucta,
1237 1409 1416 1490 argumentis
1441 1409 1562 1486 defecta,

455 1511 544 1576 nullis
564 1519 634 1593 post
653 1513 828 1576 sententiam
842 1520 924 1576 tuam
934 1511 1064 1594 reliquiis
1085 1511 1246 1575 calumniae
1260 1529 1463 1592 permansura.
1489 1529 1562 1593 quae

356 1636 441 1680 ιιιο..
456 1613 576 1694 quidem
591 1615 687 1677 omnis
708 1611 900 1700 ”Aemiliano
920 1615 977 1678 fuit
994 1615 1025 1677 in
1048 1615 1105 1712 isto
1126 1632 1187 1678 uno
1208 1614 1360 1688 destinata,
1379 1633 1428 1675 me
1442 1631 1561 1694 magum

457 1735 536 1791 esse,
556 1724 586 1778 et
599 1716 665 1778 ideo
683 1717 757 1781 mihi
780 1718 851 1782 libet
874 1735 1013 1800 quaerere
1038 1718 1073 1780 ab
1095 1717 1299 1781 eruditissimis
1319 1717 1382 1780 eius
1401 1716 1561 1792 aduocatis,

458 1818 528 1899 quid
543 1817 581 1881 sit
594 1836 708 1898 magua.
1583 1835 1615 1888 10

541 1921 614 1982 Nam
626 1920 661 1995 si,
674 1921 751 2001 quod
763 1941 817 2003 ogo
829 1923 907 2004 apud
921 1923 1066 2004 plurimos
1081 1922 1156 2002 lego,
1173 1922 1331 1985 Persarum
1345 1921 1443 2002 lingua
1458 1939 1562 2002 mogus

457 2029 511 2098 est,
527 2023 577 2102 qui
591 2030 693 2087 nostra
707 2024 853 2106 sacerdos,
869 2025 947 2104 quod
967 2024 1086 2088 tandem
1101 2032 1147 2086 est
1163 2024 1277 2087 crimen
1295 2023 1478 2086 sacerdotem
1497 2042 1561 2086 esse

456 2124 554 2186 etrite
568 2143 658 2188 nosse
672 2127 758 2206 atque
773 2127 848 2189 scire
866 2133 953 2207 atque
973 2127 1076 2190 callere
1094 2127 1173 2207 leges
1192 2125 1429 2199 cerimoniarum,
1448 2125 1492 2188 fas
1512 2143 1561 2188 sa-

457 2244 586 2306 crorum,
601 2227 648 2290 ius
658 2225 859 2308 religionum?
874 2229 900 2290 si
915 2229 1034 2309 quidem
1048 2229 1143 2308 magia
1156 2228 1186 2291 id
1206 2235 1251 2289 est
1266 2228 1345 2308 quod
1364 2227 1447 2289 Plato
1467 2227 1560 2290 inter·

455 2335 599 2408 pretatur,
619 2349 687 2393 cum
703 2337 926 2406 commemorat,
947 2332 1124 2412 quibusnam
1144 2330 1303 2410 disciplinis
1321 2347 1448 2410 puerum
1467 2346 1558 2408 regno
1581 2336 1613 2386 15

453 2431 669 2494 adulescentem
686 2432 792 2494 Persae
806 2434 949 2497 imbuant.
975 2433 1065 2495 uerba
1082 2434 1147 2515 ipsa
1160 2433 1252 2495 diuini
1265 2431 1322 2494 uiri
1335 2431 1469 2505 memini,
1486 2448 1559 2511 quae

453 2541 488 2596 tu
512 2517 644 2608 mecum,
665 2534 802 2610 Maxime,
826 2553 1019 2614 recognosce:
1048 2529 1101 2608 δὶς
1123 2526 1210 2597 ἑπτὰ
1234 2530 1271 2596 dd
1292 2526 1463 2614 γενόμενον
1477 2525 1558 2596 ἐπῶν

453 2630 512 2698 τὸν
529 2632 641 2698 παῖδα
662 2630 980 2720 παραλαμβάνουσιν
1002 2625 1059 2711 οὓς
1080 2630 1200 2701 ἐκεῖνοι
1218 2626 1408 2716 βασιλείους
1428 2630 1556 2697 παιδα·
1569 2650 1630 2705 (ιιι)

457 2809 488 2856 11
508 2807 557 2857 Dio
576 2805 666 2872 Chrys.
678 2808 792 2858 XXXVI
811 2811 856 2860 41·
875 2799 927 2872 (τέν
945 2804 1066 2872 βασιλέα)
1085 2801 1270 2876 συγγίγνεσθαί
1291 2823 1317 2855 τι
1342 2822 1404 2874 μιτα
1426 2823 1504 2856 ταυτα

507 2881 559 2960 αἰχ
576 2877 676 2955 οἷπασιν,
694 2874 767 2940 ἄλλα
784 2894 835 2949 τοῖς
851 2881 944 2959 ιῖριστα
960 2908 1020 2988 προΙς
1037 2879 1164 2956 ιἰληθιιαυ
1181 2878 1303 2958 πιῲυκέσι
1321 2887 1360 2940 καὶ
1378 2907 1420 2940 του
1439 2881 1503 2939 θεον

506 2969 609 3039 ξυνιέναι
628 2969 770 3042 δυναμένοις,
794 2991 834 3033 ους
856 2972 973 3074 Πέρσαια
981 2963 1071 3043 μιέγους
1088 2965 1216 3038 ἐκαλισαν,
1234 2970 1406 3043 ἐπισταμένους
1423 2973 1502 3042 θυρα-

506 3073 587 3107 πιυιιν
604 3074 632 3106 το
670 3046 803 3127 δαιμένιον·
837 3051 888 3130 οὐχ
910 3050 941 3119 ὦς
960 3046 1122 3122 Ελληνις’
1109 3056 1195 3128 αγιοίᾳ
1219 3078 1260 3112 του
1285 3046 1404 3128 ὄνοματις
1430 3073 1504 3115 ουτως

506 3128 667 3210 οὐομιέζουσιν
685 3134 769 3192 ανθ’
738 3160 830 3210 ρωπους
847 3160 946 3210 popter.

455 3227 487 3275 14
506 3226 627 3277 Alcibiad.
646 3226 699 3289 lp
721 3228 810 3277 1210:
828 3217 924 3277 terreae
941 3225 967 3277 δέ
986 3226 1132 3287 ἑπτέτεις
1109 3245 1219 3295 γινωνται
1238 3225 1260 3277 οὶ
1277 3223 1371 3291 παῖδας,
1393 3225 1432 3277 tul
1448 3243 1505 3285 τους

506 3303 593 3368 ἵππους
617 3308 656 3359 καὶ
679 3308 718 3358 έπι
740 3327 796 3367 τους
819 3300 908 3362 roricus
933 3300 1094 3371 detornatam
1112 3305 1228 3379 decresco,
1246 3309 1285 3361 καὶ
1303 3309 1342 3360 επὶ
1360 3326 1404 3370 τας
1421 3297 1503 3379 θήρας
1554 3349 1558 3355 .

505 3381 624 3463 ἔρχονται
647 3390 719 3443 ἰέναι
744 3391 780 3451 δὶς
800 3380 863 3443 ἓπτιέ
886 3391 911 3442 δέ
939 3413 1063 3464 γινομενον
1085 3387 1195 3446 έτυιυ-
1215 3383 1348 3457 βασιλικοί·
1378 3413 1389 3444 ο
1415 3390 1441 3444 δέ
1463 3389 1501 3442 δι·-

503 3493 632 3534 καιοτατος
653 3464 790 3534 ιἰληθευιιν
812 3463 853 3526 δια
875 3495 963 3537 παντος
986 3497 1027 3530 του
1052 3475 1119 3541 βίον·
1146 3501 1158 3531 ι
1151 3471 1203 3530 ‘dl
1222 3483 1291 3548 σωῲρ
1293 3476 1418 3536 ουέστατος
1441 3470 1498 3546 μηδ’

503 3579 550 3613 uiro
571 3552 630 3628 μιῖις
646 3549 779 3629 ἄρχεσθαι
797 3551 843 3610 τῶν
860 3551 994 3626 ηδονιυν,ε
982 3581 1021 3614 ινιι
1038 3551 1171 3633 έλευθιρος
1196 3557 1257 3614 ιῖναι
1276 3558 1391 3627 ἐθίζηται
1409 3549 1480 3610 καὶ
1466 3581 1501 3612 ιν·

503 3660 549 3700 τως
572 3630 740 3706 βασιλευς,
723 3660 805 3714 αρχων
827 3662 918 3713 πρωτον
941 3641 1027 3697 των1ν
1051 3638 1125 3711 adep,
1142 3635 1214 3699 illd
1238 3664 1278 3742 'me
1290 3634 1420 3700 δουλιυων·
1444 3664 1456 3695 ο
1447 3635 1501 3694 δέ

502 3715 669 3797 ιἰνδρειιτατος
699 3716 791 3794 ιῖψοβοι
822 3728 862 3779 καὶ
894 3723 909 3780 ἆ
912 3725 955 3780 δειῖ
982 3720 1173 3801 παρασκευαζει,
1206 3747 1237 3790 ας
1263 3748 1321 3782 οταν
1346 3723 1418 3801 δεισῃ
1445 3725 1500 3780 διυ-

502 3800 579 3862 λον
564 3830 629 3865 οντα.

517 3966 729 4031 ddefraglauitl'
756 3968 761 4037 Ι
787 3974 944 4039 etquandone
957 3971 1002 4025 FV
1032 3971 1042 4041 Ι]
1071 3971 1216 4025 trulleos
1244 3969 1254 4040 ΙΙ
1279 3972 1340 4028 dub
1357 3977 1466 4041 αοοῑιφ
1496 3971 1508 4042 ll
1536 3973 1551 4023 'l

448 4102 618 4168 permansuris
631 4103 770 4178 Wowccus
792 4104 803 4174 ΙΙ
828 4104 936 4163 11qu
959 4105 970 4174 ll
999 4107 1030 4158 12
1047 4106 1142 4157 crimen
1158 4113 1235 4174 estp
1263 4104 1274 4174 ΙΙ
1304 4105 1334 4156 13
1352 4105 1417 4156 ritus
1434 4105 1554 4159 Latinius

446 4185 451 4254 Ι
475 4195 502 4241 et
515 4189 550 4252 (in
562 4189 666 4253 ναιανα)
680 4189 745 4239 scire
758 4209 780 4258 φ
791 4189 802 4258 ΙΙ
816 4191 867 4243 14
859 4199 1043 4257 interpretatur
1055 4192 1132 4245 θεῶν
1142 4193 1300 4260 θεραπείαν
1312 4207 1326 4248 c
1337 4186 1347 4258 11
1361 4190 1392 4241 15
1404 4190 1501 4254 fesium
1511 4207 1530 4244 v
1544 4190 1553 4260 ll

449 4268 481 4320 16
492 4268 679 4320 adolescentem
690 4285 731 4336 ‹pv
766 4270 771 4337 l
805 4271 883 4338 ipsius
898 4271 1043 4325 Salmasius
1075 4270 1085 4341 ΙΙ
1121 4272 1195 4324 11-
1161 4273 1289 4342 -.,ρ35
1303 4273 1318 4324 5
1339 4286 1495 4336 recognosce
1511 4272 1552 4324 di-

447 4349 530 4401 centia
542 4350 573 4401 do
584 4365 614 4402 re
627 4365 750 4401 nomenon
762 4359 787 4403 ct
801 4354 858 4416 (om.
873 4355 905 4422 φ)
918 4355 1031 4405 antonite
1044 4356 1111 4406 datu.
1141 4351 1347 4423 Athdocovow
1368 4369 1404 4419 ριν
1416 4368 1553 4408 ουειιεινοι

445 4484 542 4549 βασιλι
556 4481 563 4550 Ι
582 4500 641 4534 conc
657 4483 856 4555 παιδαγωγους
869 4487 1056 4558 ονομαζουους
1069 4483 1375 4558 nsmfflcmlaeesel
1393 4436 1553 4559 lgrperlol

445 4561 561 4630 tsspccor.
584 4563 846 4633 chlerToluo
863 4567 866 4633 Ι
882 4567 994 4627 {murell
1005 4567 1051 4621 ΘΝ
1060 4577 1087 4634 ct
1098 4567 1553 4626 miserenePGGOTeIomu‘ne
