3867 5559
410 696 413 702 ’
480 704 521 776 'lt
827 696 1249 752 n.rrvnu1unuuvauus1s

332 786 417 830 cum.
432 785 506 829 crau
1499 783 1659 825 „mum

481 854 559 920 tecto
577 853 626 916 ille
645 852 800 915 simulacra
819 850 942 914 deorum
961 849 1041 913 nulla
1059 849 1135 914 uidit
1153 856 1204 914 aut
1223 850 1322 915 omnia
1341 850 1479 932 neglegit:
1505 850 1586 940 hunc

483 955 607 1036 demque
622 954 799 1034 qui-laruam
813 959 905 1034 putat,
920 953 984 1033 ipse
998 959 1044 1014 est
1057 953 1183 1015 laruans.

374 1069 465 1123 Lxllll
566 1056 604 1117 At
618 1057 679 1130 tibi,
693 1055 862 1129 Aemiliane,
882 1073 937 1136 pro
956 1054 1013 1116 isto
1034 1052 1186 1116 mendacio
1201 1054 1266 1115 duit
1281 1053 1352 1116 deus
1373 1054 1428 1116 iste
1444 1072 1585 1135 superum

482 1165 511 1219 et
531 1157 660 1220 inferum
680 1164 862 1221 commeator
880 1163 1075 1236 utrorumque
1095 1155 1220 1218 deorum
1235 1156 1343 1218 malam
1363 1156 1485 1238 gratiam
1505 1173 1586 1219 sem·

480 1278 591 1341 perque
603 1259 705 1322 obuias
716 1259 828 1339 species
838 1264 1037 1330 mortuorum,
1053 1256 1192 1336 quidquid
1206 1257 1379 1321 umbrarum
1393 1265 1439 1320 est
1448 1276 1584 1337 usquam,
1609 1280 1625 1330 5

482 1359 623 1440 quidquid
642 1361 799 1434 lemurum,
821 1358 962 1440 quidquid
981 1357 1123 1431 manium,
1149 1358 1289 1438 quidquid
1309 1359 1468 1434 laruarum,
1494 1359 1586 1422 oculis

481 1460 541 1527 tuis
562 1468 680 1540 oggerat
702 1461 801 1524 omnia
819 1460 952 1523 noctium
968 1460 1164 1533 occursacula‚
1186 1460 1286 1522 omnia
1304 1460 1461 1523 bustorum
1480 1461 1586 1524 formi-

384 1637 389 1647 ,
482 1560 608 1636 damina,
630 1561 730 1624 omnia
749 1564 952 1643 sepulcrorum
971 1560 1214 1636 terriculamenta,
1236 1581 1252 1624 a
1272 1561 1378 1641 quibus
1398 1568 1497 1623 tamen
1511 1580 1584 1626 aeuo

482 1670 510 1725 et
525 1663 631 1726 merito
646 1664 724 1725 haud
739 1664 825 1745 louge
845 1664 923 1726 abes.
960 1669 1091 1725 ceterum
1105 1662 1255 1725 Platonica
1272 1662 1381 1725 familia
1402 1662 1474 1725 nihil
1493 1663 1582 1726 noui-
1598 1690 1658 1742 (aas)

481 1783 549 1827 mus
564 1764 620 1827 uisi
635 1766 745 1828 festum
759 1773 788 1827 et
801 1767 911 1827 laetum
926 1771 955 1825 et
970 1764 1100 1826 solemne
1115 1771 1144 1825 et
1158 1783 1300 1845 superum
1315 1771 1345 1826 et
1355 1766 1486 1827 caeleste.
1513 1764 1585 1844 quin
1607 1788 1640 1840 10

482 1866 641 1945 altitudinis
660 1867 757 1928 studio
774 1875 852 1929 secta
871 1867 926 1928 ista
946 1865 1033 1927 etiam
1053 1867 1132 1928 eaelo
1152 1866 1216 1947 ipso
1240 1866 1411 1928 sublimiora
1431 1866 1585 1946 quaepiam

481 1967 636 2046 uestigauit
655 1975 685 2029 et
704 1967 735 2028 in
755 1968 863 2030 extimo
882 1967 987 2030 mundi
1006 1973 1088 2047 tergo
1107 1968 1223 2029 retenit.
1251 1949 1313 2030 'scit
1331 1986 1379 2030 me
1399 1984 1470 2028 uera
1490 1966 1585 2030 dicere

479 2068 632 2142 Maximus,
663 2068 712 2148 qui
736 2064 793 2132 τὸν
817 2061 1053 2152 ὑπερουράνιον
1079 2062 1183 2133 τόπον
1201 2062 1262 2131 ἐπὶ
1288 2069 1337 2152 τῷ
1362 2062 1421 2129 τοῦ
1444 2062 1584 2151 οὐρανοῦ

479 2164 571 2254 νώτῳ
593 2170 662 2251 legit
675 2171 707 2232 in
719 2171 853 2233 Phaedro
869 2171 1030 2250 diligenter.
1060 2171 1138 2232 idem
1151 2170 1294 2232 Maximus
1310 2169 1420 2250 optime
1433 2169 1584 2250 intellegit,

479 2279 513 2334 ut
527 2271 564 2335 do
578 2272 698 2335 nomine
713 2273 800 2334 etiam
814 2272 900 2335 uobis
916 2271 1120 2352 respondeam,
1140 2272 1276 2351 quisnam
1295 2271 1333 2332 sit
1351 2271 1398 2332 ille
1417 2287 1480 2332 non
1499 2288 1515 2331 a
1534 2289 1583 2333 me
1606 2292 1638 2343 15

479 2374 586 2455 primo,
610 2375 662 2436 sed
688 2393 704 2435 a
729 2374 851 2437 Platone
873 2369 1029 2454 βασιλεὺς
1047 2380 1234 2454 nuncupatus
1243 2361 1354 2455 “inopi
1374 2367 1430 2434 τὸν
1451 2364 1584 2434 πάντων

478 2465 745 2556 βασιλέα-πάντ’
771 2467 843 2537 ἐστὶ
865 2465 1017 2562 κάκείνου
1046 2467 1140 2536 ἕνεκα
1164 2469 1291 2551 πάντα,
1325 2473 1459 2554 quisnam
1479 2473 1518 2534 sit
1536 2474 1584 2536 ille

478 2569 661 2656 βασιλεύςΙῑ
683 2575 773 2638 totius
793 2594 894 2638 rerum
912 2583 1034 2639 naturae
1049 2594 1137 2638 causa
1156 2583 1185 2637 et
1199 2576 1273 2638 ratio
1294 2577 1332 2654 [et
1347 2576 1439 2656 origo]
1455 2575 1582 2650 initialis,

478 2696 614 2740 summus
635 2677 725 2740 animi
744 2678 867 2759 genitor,
888 2684 1024 2742 aeternus
1045 2678 1227 2743 animantum
1253 2678 1423 2760 sospitator,
1447 2676 1582 2740 assiduus

481 2882 511 2928 13
530 2880 639 2933 Phaedr.
656 2895 681 2943 p.
701 2881 783 2930 24⁷0.

481 2962 511 3010 16
530 2962 608 3024 Epist.
632 2962 654 3011 ll
677 2977 703 3025 p.
727 2963 778 3010 ³12
802 2959 890 3028 (403)=
923 2946 969 3009 de·
991 2947 1037 3027 γᾶρ
1061 2955 1129 3030 Ιχει·
1161 2959 1215 3028 περὶ
1238 2951 1280 3014 τᾶν
1302 2955 1396 3012 πάντων
1419 2958 1530 3022 βασιλέα

529 3036 600 3095 πέντ’
626 3042 682 3095 ἐστὶ
703 3043 744 3096 xci
767 3040 855 3095 Ικιίνου
877 3038 943 3097 luxa
965 3033 1053 3109 noina,
1080 3040 1121 3093 aad
1150 3041 1223 3094 iusim
1246 3039 1323 3096 αἴτιον
1350 3035 1460 3097 ἁπάντων
1484 3038 1531 3096 τᾶν

528 3123 618 3182 aad.

544 3334 556 3386 l
582 3331 648 3385 uidit
670 3331 788 3386 lomim
812 3329 883 3385 uidet
905 3327 969 3398 va
1006 3327 1012 3397 Ι
1046 3329 1157 3394 aeglogas
1177 3329 1209 3394 V,
1233 3329 1339 3394 negligit
1360 3329 1406 3400 ro
1441 3328 1452 3399 Ι
1486 3331 1502 3382 2
1526 3331 1580 3384 lar-

475 3420 551 3466 uam·
574 3429 588 3470 ς
625 3411 636 3481 Ι
680 3414 695 3466 ³
723 3413 777 3465 duit
803 3412 908 3480 serpet:
934 3423 951 3471 a
974 3417 1003 3463 ut
1029 3408 1051 3464 F
1080 3412 1109 3474 (a
1130 3412 1158 3462 io
1180 3425 1277 3465 rarum
1299 3426 1350 3465 aer,
1371 3427 1389 3463 o
1410 3425 1489 3464 manu
1510 3412 1581 3477 sec),

476 3496 519 3546 det
542 3511 574 3561 φ,
597 3495 658 3545 duat
680 3510 698 3546 v
722 3493 758 3557 (at
774 3491 940 3556 δαὶωωᾱιιΙ,
963 3497 1009 3542 aut
1032 3507 1045 3550 ς
1079 3488 1089 3558 Ι
1126 3493 1144 3542 4
1167 3491 1321 3547 infernmum
1340 3510 1365 3560 φ
1393 3489 1403 3560 ΙΙ
1435 3490 1495 3559 5-16
1508 3490 1580 3557 quic-

438 3636 440 3640 ?
476 3574 534 3642 quid
559 3590 599 3642 φν
633 3571 644 3641 Ι
677 3574 693 3625 6
720 3571 892 3624 lar-lterumll
929 3569 940 3639 Ι
981 3570 996 3622 8
1025 3572 1216 3638 sepulchrorum
1239 3589 1279 3642 φν
1322 3570 1333 3640 ΙΙ
1378 3573 1393 3623 9
1425 3570 1498 3622 abest
1526 3571 1579 3640 Frp,

476 3654 566 3705 abesa
596 3651 601 3719 Ι
633 3653 769 3722 nichile
800 3651 811 3721 Ι
844 3653 877 3704 ld
894 3651 1058 3722 solempnem
1085 3651 1090 3718 Ι
1121 3652 1251 3720 celastell
1283 3651 1294 3721 Ι
1328 3652 1356 3704 11
1380 3651 1490 3718 caelov,
1507 3651 1580 3704 coelo

476 3788 522 3857 Frp
545 3787 555 3857 Ι
580 3789 612 3842 12
624 3787 761 3852 ιοιϋιαιιίτ
772 3805 821 3858 (pv,
833 3732 999 3838 ucetfdigm
1014 3732 1072 3786 m)
1095 3786 1116 3839 F
1154 3783 1159 3853 Ι
1198 3732 1306 3839 actm
1321 3731 1378 3784 m)
1400 3784 1430 3850 F,
1446 3785 1536 3836 estimo
1549 3802 1581 3854 φ,

477 3870 571 3922 extimo
584 3886 601 3921 v
631 3868 636 3935 Ι
665 3868 782 3932 aenou
808 3866 814 3935 Ι
843 3866 940 3921 retexit
956 3869 1064 3936 scripti:
1082 3868 1144 3930 retit
1159 3867 1214 3936 up,
1235 3866 1302 3933 repit
1313 3865 1345 3930 V,
1362 3866 1431 3930 degit
1443 3883 1467 3924 5:
1484 3865 1582 3918 restitit

476 3949 628 4020 Spengod'us
645 3949 661 4000 1.
679 3949 704 4000 d.
718 3965 745 4018 p.
765 3949 795 3999 31
832 3944 843 4013 Ι
883 3947 915 3996 13
938 3942 1583 4024 Tou'rerovnanlov'rouone'rouraj

444 4017 634 4088 'nerano
665 4031 725 4100 ro,
776 4027 1580 4084 renueromurou'ronouerorenuouoro

476 4114 501 4167 V
524 4113 534 4183 Ι
560 4115 591 4165 14
603 4111 676 4164 fodro
688 4111 733 4179 Ρφ
759 4109 764 4178 Ι
790 4112 986 4183 intelligitllcpv
1009 4111 1019 4181 Ι
1044 4110 1358 4182 16-18υον1απερ1τὸν
1370 4109 1485 4165 πάντων
1501 4114 1581 4176 βασι-

476 4195 525 4248 λέα
533 4224 551 4232 -
560 4189 653 4246 πάντα
667 4185 828 4259 (duneval),
838 4193 950 4262 quisnam
962 4191 997 4244 sit
1009 4192 1053 4243 ille
1064 4189 1192 4260 βασιλεύς
1207 4209 1224 4244 a
1234 4191 1370 4263 Spengelio
1382 4191 1398 4244 1.
1411 4190 1435 4244 d.
1448 4190 1582 4244 mandata

477 4278 550 4327 uncta
571 4274 674 4326 inclusi:
697 4268 849 4326 ΠΘΡΙΤων
870 4289 979 4327 umor
999 4272 1158 4326 Baellea
1185 4272 1190 4342 Ι
1218 4269 1367 4324 ΠΔΝΤΘΟ
1392 4269 1582 4324 umento

477 4357 534 4407 lenc
557 4355 562 4422 Ι
586 4371 616 4406 οι
636 4351 861 4421 «amauritium
878 4355 909 4407 ru
921 4356 966 4408 illc
980 4355 1090 4410 basileus
1107 4355 1162 4424 Frp,
1194 4351 1355 4409 nePl'roN
1363 4350 1523 4405 ΠΑΝΤΟΝ
1530 4347 1583 4403 BA

477 4433 587 4489 ΩΙΛΘΔ
595 4432 974 4490 muuec'rtxnmeuto
987 4434 1193 4490 alaunense
1202 4435 1314 4504 quitum
1325 4435 1357 4491 stt
1367 4435 1412 4490 'ulle
1420 4433 1529 4489 balilens
1540 4431 1565 4486 V
1574 4431 1584 4500 ΙΙ

479 4517 510 4571 18
527 4525 553 4570 ot
566 4519 637 4582 origo
650 4535 699 4571 om.
713 4519 747 4572 ll:
760 4520 808 4573 del.
819 4520 927 4573 Iahnius
938 4520 994 4573 coll.
1005 4521 1077 4570 mett.
1090 4515 1133 4568 llll
1144 4519 1175 4570 ³0
1188 4516 1198 4587 Ι
1222 4518 1255 4570 19
1267 4521 1426 4605 menmium
1449 4516 1460 4587 Ι
