3867 5559
865 744 1035 800 aronoula
1446 747 1488 808 99
1562 779 1564 783 -

311 827 354 868 na.
370 827 472 870 ourani.
672 828 678 840 “
1375 827 1378 834 ·
1462 829 1547 870 araas.
1562 827 1635 872 raro.

381 896 496 958 tabulae
515 896 578 959 eius
600 897 708 977 partim
726 897 870 960 tabulario
895 900 1012 980 publico
1031 898 1138 980 partim
1164 897 1253 958 domo
1280 896 1485 969 adseruantur,

382 1017 455 1079 quae
468 998 526 1060 iam
541 999 595 1060 tibi
609 1000 647 1062 ob
664 1019 698 1062 os
714 1000 888 1063 obiciuntur.
915 1001 1033 1081 porrige
1047 1008 1081 1063 tu
1095 999 1255 1061 Aemiliano
1271 997 1383 1061 tabulas
1394 998 1481 1061 istas:

380 1101 475 1163 linum
494 1100 668 1176 consideret,
690 1101 772 1181 signa
792 1121 865 1182 quae
885 1101 1029 1184 impressa
1043 1108 1114 1166 sunt
1127 1107 1327 1182 recognoscat,
1350 1101 1486 1162 eonsules

311 1220 369 1275 (ors)
383 1202 467 1284 legat,
487 1221 582 1266 annos
602 1209 768 1284 computet,
791 1222 866 1284 quos
887 1206 1035 1285 sexaginta
1049 1205 1164 1268 mulieri
1179 1203 1361 1284 adsignabat,
1381 1202 1488 1291 probet

346 1304 511 1386 §quinque
536 1312 566 1366 et
586 1305 809 1386 quinquaginta:
837 1307 932 1371 lustro
953 1307 1094 1371 mentitus
1115 1307 1162 1370 sit.
1188 1324 1294 1387 parum
1308 1307 1366 1368 hoo
1380 1311 1435 1380 est,
1449 1305 1487 1366 li·

340 1415 345 1423 '
379 1406 507 1470 beralius
520 1425 619 1487 agam:
634 1425 705 1469 nam
719 1415 748 1469 et
761 1408 825 1488 ipse
838 1407 1019 1471 Pudentillae
1038 1409 1149 1471 multos
1169 1425 1263 1483 annos
1283 1409 1404 1488 largitus
1426 1412 1486 1482 est3

381 1508 530 1571 redonabo
545 1509 634 1589 igitur
647 1509 789 1572 uicissim.
815 1511 917 1574 deoem
931 1527 1026 1573 annos
1040 1510 1200 1573 Mezentius
1220 1527 1288 1573 eum
1303 1511 1383 1573 Vlixe
1404 1526 1486 1572 erra-

380 1609 439 1672 uit:
462 1610 672 1690 quinquaginta
686 1612 789 1673 saltem
804 1629 951 1675 annorum
966 1613 1121 1675 mulierem
1142 1612 1285 1676 ostendat.
1323 1612 1393 1692 quid
1407 1613 1486 1674 mul·

379 1708 441 1773 tisl
463 1719 498 1773 ut
510 1729 579 1774 eum
590 1714 817 1793 quadruplatore
827 1731 921 1793 agam,
935 1713 982 1775 bis
993 1713 1117 1795 duplum
1128 1713 1361 1795 quinquennium
1370 1713 1485 1788 faciam,

330 1821 362 1871 ro
382 1813 486 1894 uiginti
499 1831 595 1877 annos
609 1816 701 1877 semel
715 1815 875 1878 detraham.
905 1816 983 1891 iube,
998 1816 1131 1891 blaxime,
1147 1817 1284 1879 eonsules
1305 1815 1484 1896 computari:

381 1914 439 1977 nisi
452 1915 548 1990 fallor,
563 1916 696 1978 inuenies
710 1934 789 1979 nuno
802 1917 982 1988 Pudentillae
1001 1916 1079 1981 haud
1099 1919 1193 1981 multo
1214 1917 1340 2000 amplius
1360 1917 1486 1998 quadra·

381 2016 527 2096 gesimum
542 2035 653 2080 annum
668 2019 769 2081 aetatis
783 2019 835 2083 ira.
866 2019 1007 2081 olalsum
1022 2019 1116 2083 audax
1130 2026 1160 2080 et
1173 2019 1308 2093 nimium,
1328 2037 1346 2081 o
1362 2018 1485 2080 menda·

311 2131 370 2187 (sao)
383 2118 462 2180 oium
477 2119 580 2200 uiginti
594 2137 742 2184 annorum
755 2120 839 2182 exilio
854 2118 1052 2200 puniendum:
1072 2119 1193 2183 dimidio
1207 2126 1297 2195 tanta,
1317 2118 1485 2194 Aelniliane,

383 2221 527 2296 mentiris,
547 2222 621 2284 falsa
640 2220 739 2296 audes,
762 2219 972 2302 sesquialteral
994 2222 1019 2283 si
1038 2222 1157 2302 triginta
1174 2239 1268 2284 annos
1283 2218 1296 2307 ΙΙ
1311 2239 1365 2303 pro
1382 2221 1582 2283 decemuiros.

330 2329 361 2379 15
382 2321 514 2397 dixisses,
529 2342 634 2403 posses
648 2322 741 2386 uideri
760 2340 815 2403 pro
836 2322 1064 2404 eomputationis
1084 2328 1169 2404 gestu
1189 2341 1311 2398 errasse,
1332 2342 1407 2403 quos
1426 2323 1485 2385 oir-

382 2425 478 2487 oulare
492 2424 627 2487 debueris
643 2425 749 2504 digitos
764 2424 923 2506 aperuisse.
949 2442 1018 2487 oum
1033 2442 1107 2487 uero
1127 2425 1329 2506 quadraginta,
1349 2442 1424 2506 quae
1438 2424 1483 2486 la·

382 2513 465 2588 cilius
486 2527 589 2589 ceteris
609 2532 745 2606 porrecta
763 2527 861 2608 palma
880 2526 1090 2607 significantur,
1116 2545 1150 2589 ea
1175 2528 1365 2608 quadraginta
1383 2535 1417 2589 tu
1437 2525 1482 2588 di-

381 2628 472 2690 midio
487 2646 585 2708 auges,
601 2644 663 2690 non
677 2634 762 2710 potes
778 2628 936 2709 digitorum
951 2636 1035 2709 gestu
1055 2647 1177 2705 errasse,
1196 2629 1254 2692 nisi
1272 2630 1349 2692 forte
1368 2628 1485 2708 triginta

381 2746 528 2792 annorum
552 2728 747 2793 Pudentillam
776 2737 859 2793 ratus
883 2729 971 2793 binos
996 2730 1138 2811 cuiusque
1166 2730 1235 2794 anni
1266 2732 1402 2794 eonsules
1427 2747 1486 2792 nu·

329 2838 362 2889 20
382 2831 510 2894 morasti.

311 2952 369 3005 (seo)
466 2933 555 2996 llissa
568 2933 640 2995 haee
653 2932 739 2996 laoio.
767 2932 856 2995 uenio
871 2950 951 2996 nuno
971 2932 1007 2996 ad
1026 2933 1122 3016 ipsam
1141 2935 1264 3017 stirpem
1278 2933 1481 3009 accusationis,
1494 2938 1622 2994 lxxxx

381 3033 418 3096 ad
433 3034 527 3114 ipsam
542 3052 660 3097 oausam
675 3035 817 3097 maleficii.
845 3036 1025 3115 respondeat
1037 3034 1226 3111 Aemilianus,
1246 3036 1284 3098 ob
1306 3037 1386 3116 quod
1401 3055 1485 3098 emo·

382 3136 558 3211 iumentum,
579 3137 634 3198 etsi
653 3137 779 3198 maxime
799 3154 901 3216 magus
916 3136 1023 3212 forem,
1042 3136 1237 3201 Pudentillam
1258 3137 1436 3200 carminibus
1456 3144 1485 3197 et

380 3238 503 3302 uenenis
523 3238 803 3314 adimatrimonium
822 3238 1016 3318 pellexissem.
1051 3245 1137 3320 atque
1156 3258 1212 3320 ego
1232 3239 1303 3314 seio,
1328 3239 1485 3319 plerosque

401 3412 415 3458 7
435 3409 468 3459 oi.
486 3424 543 3474 pag.
563 3411 605 3474 67,
627 3411 649 3461 l.

451 3561 464 3613 1
483 3561 583 3628 puplico
596 3579 619 3631 φ
642 3559 653 3629 Ι
678 3562 694 3614 2
710 3560 862 3614 obiiciantur
874 3577 910 3630 qo:
931 3560 1021 3614 malim
1037 3561 1178 3614 obiciantur
1203 3561 1208 3628 Ι
1239 3568 1267 3614 tu
1280 3577 1330 3614 aaa.
1344 3576 1357 3618 r
1380 3558 1390 3628 Ι
1419 3560 1434 3611 3
1451 3560 1482 3612 li·

382 3642 448 3705 num]
461 3642 555 3706 lignum
567 3658 580 3700 ς
602 3640 614 3710 ΙΙ
637 3643 654 3693 4
665 3642 732 3696 L.X.
750 3659 767 3696 v
792 3641 798 3710 Ι
823 3642 970 3706 assignabat
981 3660 1005 3709 φ
1027 3641 1037 3710 Ι
1061 3643 1076 3694 5
1089 3643 1122 3695 sit
1134 3642 1213 3713 oqv,
1236 3651 1278 3695 est
1294 3658 1307 3700 ς
1334 3640 1345 3710 Ι
1369 3643 1386 3693 9
1401 3641 1441 3693 bis
1456 3657 1483 3705 v,

381 3721 419 3773 bi.
438 3723 459 3774 F
472 3723 558 3786 (eraso
568 3723 669 3774 videtne·
680 3723 757 3776 litora
767 3725 803 3789 n),
814 3723 854 3774 bis
866 3740 890 3792 φ
913 3720 923 3790 Ι
948 3722 982 3774 10.
993 3722 1093 3776 .xx.v
1118 3723 1124 3790 Ι
1150 3724 1236 3787 semel]
1251 3722 1325 3773 simul
1341 3722 1457 3774 Bosaoba
1480 3719 1486 3787 Ι

382 3804 514 3869 conputari
525 3818 543 3855 v
565 3801 576 3870 ΙΙ
601 3804 628 3854 11
642 3795 708 3855 laa'ud
719 3805 798 3856 multo
810 3807 836 3869 p’
852 3802 959 3868 amplias
971 3821 994 3871 φ
1013 3803 1018 3870 Ι
1038 3804 1270 3871 quadragensimum
1281 3803 1317 3856 V:
1330 3801 1396 3854 baud
1404 3800 1484 3850 multo

381 3885 597 3950 quadragesimum
609 3884 716 3951 amplius
727 3884 928 3936 Etmanboreta'ua
949 3882 960 3951 Ι
977 3885 1008 3935 12
1021 3891 1047 3935 et
1056 3886 1164 3949 nimium]
1178 3883 1335 3936 atmimioum
1350 3880 1485 3944 Gruterus,

381 3965 522 4016 aestimium
533 3965 656 4018 Branta'us
671 3964 676 4033 Ι
691 3981 706 4015 o
718 3964 872 4015 mendacium
883 3963 914 4029 F,
927 3981 942 4015 o
954 3965 1106 4017 mendatium
1117 3981 1143 4030 v,
1155 3966 1309 4017 mendacium
1321 3981 1355 4032 qo:
1369 3961 1486 4013 olalsum

381 4053 408 4107 et
419 4047 511 4111 audax,
529 4045 630 4097 nimium
641 4061 674 4098 m.
686 4045 899 4107 Elmsnboratiua,
912 4061 927 4095 o
938 4043 1031 4097 salsum
1043 4051 1070 4096 at
1081 4046 1165 4096 audax
1177 4045 1285 4110 nimium,
1302 4063 1317 4096 o
1331 4042 1485 4094 mendacium

380 4122 496 4192 Scaliger
517 4125 528 4194 ΙΙ
552 4126 583 4178 13
599 4127 654 4180 ΧΧ
671 4143 688 4178 ν
706 4125 711 4192 Ι
730 4124 854 4177 exsilioF
874 4120 879 4190 Ι
897 4131 969 4179 tanto
980 4125 1152 4192 Salmaaiaa‘l
1169 4126 1201 4178 14
1213 4127 1291 4179 audes
1304 4125 1390 4191 sesque
1402 4123 1486 4173 altera

381 4204 411 4269 F,
423 4206 586 4274 andellesque
599 4208 682 4258 alteru
694 4226 725 4278 φ,
737 4208 815 4258 andes
827 4220 896 4277 sesqg
908 4207 991 4260 altera
1002 4206 1026 4259 V
1049 4205 1055 4275 Ι
1078 4215 1105 4259 et
1117 4208 1285 4275 sesquialtera
1298 4205 1464 4258 Carantonus
1482 4200 1487 4268 Ι

381 4285 479 4340 XXX.
491 4303 510 4339 r
528 4287 533 4356 Ι
551 4302 598 4354 pro
612 4304 660 4339 om.
674 4304 688 4346 ς
704 4286 715 4356 Ι
732 4288 764 4339 16
776 4289 905 4354 aperuisse
918 4287 972 4358 Pap,
984 4289 1113 4354 adperisse
1124 4287 1150 4342 V
1168 4286 1173 4354 Ι
1192 4287 1257 4340 .XL.
1270 4302 1288 4339 v
1303 4284 1315 4354 ΙΙ
1332 4287 1362 4336 ll
1376 4283 1486 4336 caeteris

1188 4367 1309 4409 numeraltl
1323 4367 1389 4420 (man.
1403 4365 1453 4418 aaa.)

381 4434 399 4471 ν
421 4418 433 4500 ,Ι
464 4419 528 4474 olla.
546 4437 564 4474 v
589 4417 594 4488 Ι
620 4422 657 4485 tu]
675 4436 731 4472 eum
747 4421 852 4474 latratus
874 4419 885 4489 ΙΙ
910 4420 942 4472 18
959 4419 1087 4475 ‚xxxv
1108 4421 1119 4491 Ι
1140 4423 1172 4473 19
1184 4420 1312 4488 nominasti
1462 4435 1485 4487 φ

380 4551 390 4619 ΙΙ
399 4554 429 4606 21
444 4554 524 4621 ipsam
536 4554 591 4625 Ρφ,
603 4556 684 4622 ipsum
696 4570 712 4605 v
729 4552 740 4622 Ι
757 4555 789 4607 22
799 4553 954 4609 Aemilianus
965 4564 993 4608 et
1004 4555 1109 4608 Rufinus
1121 4569 1161 4624 φν
1181 4552 1192 4623 Ι
1214 4554 1247 4607 24
1260 4501 1361 4619 nantario
1373 4569 1396 4622 φ
1410 4550 1418 4620 Ι
1431 4560 1485 4621 atq}

1280 4639 1315 4690 ’μ
