3867 5559
426 746 492 789 xm
726 721 832 774 ISAIICI
844 722 1030 775 cnssvssonl
1042 721 1230 774 PRAEFATIO

427 898 502 943 nem
524 875 647 942 curavit
668 898 749 962 quae
771 899 855 943 anno
882 873 1078 942 M.DXXII.
1106 874 1271 941 Florentia
1284 874 1418 961 prodiit:
1442 870 1529 961 quod

428 998 475 1046 ex·
504 980 588 1046 illius
617 980 746 1068 gemina
775 980 910 1069 epistola
943 981 973 1046 ci
1003 979 1135 1046 editioni
1163 981 1306 1068 praefixe
1334 979 1428 1046 iecile
1458 978 1529 1066 quis

428 1084 595 1173 intelliget.
637 1086 691 1153 IIIi
725 1096 834 1153 tamen
863 1087 949 1169 viro,
979 1095 1140 1172 utcunque
1171 1086 1211 1152 de
1240 1085 1375 1152 caeteris
1404 1085 1528 1164 merito,

429 1189 559 1256 Graeca
584 1214 649 1256 non
670 1215 773 1279 peuce
796 1214 879 1279 quae
901 1191 1022 1279 primus
1045 1215 1085 1256 ex
1107 1192 1174 1258 suis
1196 1192 1287 1257 libris
1311 1190 1480 1278 descripsit
1499 1198 1531 1253 ei

429 1295 537 1381 edidit,
562 1296 724 1364 debemus.

684 1612 893 1695 ADDENIIA
917 1613 974 1686 ΕΤ
1001 1611 1281 1725 (10111111111Ν111.Ι

431 1762 489 1826 Peg.
503 1763 556 1814 XX
593 1768 645 1815 um
659 1767 820 1833 praedationi
831 1767 913 1832 finem
929 1768 1117 1834 imposuerunt,
1137 1781 1194 1817 cum
1211 1768 1237 1815 in
1251 1767 1359 1814 mentem
1377 1765 1445 1814 cessit
1462 1767 1531 1812 colc-

596 1849 672 1915 legus
684 1850 726 1900 ille
736 1851 860 1902 librorum
871 1850 975 1918 losepbi
984 1848 1123 1917 Scaligeri,
1136 1866 1184 1915 quo
1195 1852 1268 1901 nisus
1280 1849 1437 1915 Bernopsius
1448 1850 1532 1897 cirum

595 1934 723 1985 illustrem
730 1934 861 1986 Claudiani
868 1938 983 1986 connino
990 1935 1100 1985 edidisse
1108 1950 1189 2002 nuper
1199 1933 1383 1985 demonstrauit
1393 1930 1532 1995 (noumus'.

597 2018 915 2087 rien.XVp.163—165).
933 2022 977 2086 qui
985 2019 1116 2085 catologus
1125 2021 1307 2069 accusaturis
1318 2017 1465 2067 bibliotheca
1474 2032 1532 2065 oso-

597 2101 694 2153 demico
713 2103 844 2156 Iiiloniona
864 2107 890 2153 el
910 2105 976 2154 bunc
996 2104 1070 2153 babel
1091 2103 1204 2154 tilulum:
1230 2103 1379 2164 ‘Catulogus
1398 2100 1532 2150 Librorum

597 2186 765 2238 Bibliothecae
787 2188 869 2240 Illust.
887 2189 943 2241 Viri
965 2188 1064 2255 Iosephi
1081 2189 1204 2252 scaligeri
1224 2186 1269 2237 Iul.
1285 2187 1357 2236 Caes.
1374 2185 1402 2235 F.
1423 2186 1533 2252 Quorum

596 2272 679 2323 auctio
690 2272 823 2324 habebitur
832 2274 856 2324 in
866 2274 971 2323 aedibus
981 2274 1103 2326 Ludovici
1112 2273 1233 2325 Elzevisii
1243 2272 1344 2336 bibliop.
1355 2270 1434 2332 Lugd.
1445 2270 1531 2320 Buten

596 2357 627 2405 sd
640 2355 704 2407 diem
718 2358 746 2408 11
761 2358 848 2410 Martii
857 2359 972 2423 Lugduni
981 2361 1141 2426 Batavorum,
1154 2360 1193 2410 Ex
1204 2357 1310 2410 efficies
1320 2355 1428 2406 Thomas
1439 2355 1534 2405 Busson

601 2439 673 2490 1609.
687 2443 712 2491 4.
727 2443 755 2492 51
774 2459 830 2509 pag.
849 2452 875 2496 et
888 2445 902 2495 8
914 2461 971 2511 pag.
989 2440 1103 2511 appendo
1128 2462 1162 2495 ec
1178 2444 1264 2494 eodem
1273 2443 1354 2508 seule
1366 2443 1430 2491 cerii
1440 2438 1536 2504 aliquid

598 2523 700 2575 bouriri
713 2543 790 2595 posse
806 2545 913 2596 sperans
930 2530 962 2579 de
976 2527 1107 2595 Scaligero
1121 2527 1214 2597 Apulei
1229 2527 1346 2578 editionis
1360 2525 1388 2576 V
1387 2525 1535 2591 ulcenicnue

596 2609 732 2674 secundae,
750 2613 896 2678 uiserunt,
910 2618 1025 2676 auctore,
1041 2597 1187 2665 Oitonem
1199 2610 1404 2662 liibbeclsium
1414 2610 1533 2675 precibus

595 2691 662 2756 odii,
682 2700 714 2745 ut
728 2712 786 2747 meo
802 2712 881 2748 sousa
897 2697 1042 2764 catalogum
1057 2699 1201 2765 inspiceret⁴
1227 2698 1361 2762 rescripsit
1376 2697 1415 2744 oin
1433 2693 1535 2759 officio·

597 2779 731 2846 sissimus,
746 2797 796 2831 nou
808 2786 900 2833 eslere
911 2782 1013 2849 quidem
1025 2785 1091 2834 inies
1105 2783 1183 2833 libros
1195 2781 1308 2846 catalogi
1318 2779 1453 2830 editionem
1464 2778 1533 2828 illum

596 2860 785 2917 Vulccuicncm
805 2867 955 2930 secundam,
978 2868 1025 2918 sed
1043 2871 1127 2918 inesse
1146 2866 1251 2926 indicio,
1273 2881 1337 2931 puae
1353 2862 1457 2913 adrem
1474 2876 1534 2912 con·

599 2950 742 2999 trecensem
761 2950 942 3001 illustrandum
962 2956 1025 3020 opto
1040 2950 1193 3001 viderentur.
1229 2953 1303 3012 etque
1320 2951 1360 2997 ila
1374 2949 1491 3015 profecto
1509 2963 1537 2995 se

596 3046 640 3083 res
652 3033 735 3085 babet.
760 3036 863 3087 exbibet
875 3040 940 3087 enim
953 3036 1086 3101 catalogus
1097 3036 1144 3086 bos
1157 3034 1279 3086 editiones
1289 3032 1393 3100 Apulei:

585 3132 622 3184 ‹p.
639 3116 683 3166 25:
702 3116 819 3182 *Apuleii
831 3118 965 3185 Apologia,
979 3135 1034 3170 cum
1046 3118 1121 3172 Notis
1134 3117 1282 3170 Caecuboui.
1308 3116 1451 3166 Commeliu.
1466 3117 1506 3167 94.

595 3217 621 3269 p.
641 3202 685 3252 28:
704 3201 842 3275 *Apuleius
854 3202 922 3254 Alli.
938 3204 1010 3254 1521.

597 3304 622 3356 p.
641 3287 685 3336 31:
703 3285 842 3353 *Apuleius
852 3287 977 3340 Vulceuii.
990 3288 1029 3338 12.
1054 3288 1133 3351 Lugd.
1144 3288 1197 3338 bot.
1205 3288 1245 3338 94.
1264 3285 1331 3337 Idem
1338 3283 1486 3337 Wouwesii.
1496 3284 1536 3334 12.

543 3441 545 3446 ¹
706 3371 842 3436 Ilumburgi
855 3373 943 3423 1606.=

601 3458 742 3507 mteriscus
758 3461 845 3507 aulem
861 3456 944 3507 htubs
961 3456 1100 3508 editionum
1113 3458 1249 3525 praefisus
1262 3455 1323 3522 quid
1332 3454 1459 3518 ubiubi,
1477 3454 1538 3504 boec

597 3542 686 3592 ssotulo
700 3543 781 3609 primi
796 3541 907 3607 catologi
913 3541 982 3606 solil
997 3541 1104 3593 indicate
1123 3541 1279 3605 eugubini
1297 3540 1389 3606 aliquid
1407 3539 1431 3588 iu
1443 3539 1537 3588 eisdem

598 3626 671 3676 libris
687 3626 718 3676 ub
734 3623 909 3676 IllustrissImo
923 3625 1053 3690 Sculigcro
1071 3634 1183 3678 notatum
1201 3642 1281 3676 essen
1299 3624 1366 3676 unde
1383 3626 1466 3674 uirum
1477 3623 1536 3674 illu-

600 3715 680 3763 slrem
701 3727 734 3761 ne
751 3713 872 3778 procecto
892 3709 992 3776 quidese
1009 3715 1093 3762 octale
1109 3711 1195 3762 sluds'a
1213 3710 1353 3779 Apuleiana
1368 3724 1476 3777 prorsus
1488 3710 1536 3757 ob-

597 3795 698 3847 dicosse
708 3797 838 3862 suspicari
849 3795 914 3845 licet.

458 3908 469 3916 -
514 3881 567 3944 7‚3
594 3883 673 3932 uerbo
683 3894 786 3931 munere
799 3881 916 3930 deum-
929 3896 978 3931 non
991 3880 1122 3944 obtingunt
1134 3882 1208 3932 uncis
1219 3880 1319 3931 inclusi.

457 3991 468 3998 -
497 3963 566 4029 12,9
594 3973 646 4016 tum
658 3966 774 4017 stabilem
786 3966 949 4031 suspitionem
961 3967 1004 4017 Al.
1017 3966 1129 4019 liiesius.

458 4075 467 4084 -
498 4048 537 4112 13,
550 4048 566 4098 3
597 4048 623 4100 C.
634 4049 664 4101 F.
675 4050 714 4103 W
713 4088 719 4101 .
729 4050 867 4103 Muellerus
880 4051 946 4114 (nov.
959 4068 1026 4103 mus.
1040 4052 1110 4103 rben.
1123 4049 1216 4102 XVIIII
1227 4067 1253 4118 p.
1268 4050 1339 4113 311):

674 4148 719 4198 pes
730 4142 819 4199 pectus
830 4142 914 4185 munst
927 4135 1009 4187 subito
1022 4136 1123 4205 stupido
1136 4134 1195 4185 mihi
1207 4136 1292 4185 sudor.

710 4217 746 4266 sic
758 4219 852 4269 tucitus
864 4219 985 4287 stupidus
995 4220 1108 4290 supplico
1121 4219 1167 4271 deo
1178 4235 1268 4287 puero.

600 4302 631 4356 ll.
640 4302 765 4370 Peiperus
778 4302 868 4367 (ibidis

675 4402 720 4452 pes
732 4394 820 4452 pectus
832 4397 916 4440 munet
928 4389 1011 4440 subito
1022 4389 1124 4454 gcb'dus
1136 4389 1195 4438 mihi
1207 4388 1292 4439 sudor.

709 4471 745 4521 sic
756 4471 850 4524 tacitus
861 4473 969 4526 rubidus
981 4473 1042 4525 dum
1052 4472 1135 4541 pudeo
1147 4488 1231 4540 pereo.
