3867 5559
457 727 517 788 110
804 722 834 774 t.
853 720 975 776 arvum
993 721 1230 776 unusvnnnsts

306 811 325 852 t.
333 810 393 853 liba.
408 811 425 852 l.
433 811 483 851 232.
1477 808 1521 849 nel.
1530 805 1638 850 Oudon&

459 876 556 940 subito
572 875 762 958 obstipuerit,
783 882 817 938 ut
831 877 934 939 oculos
949 875 986 938 ad
999 881 1109 938 terram
1124 875 1287 937 demiserit:
1310 877 1389 938 enim
1408 877 1496 956 longe
1516 894 1568 938 se-

459 979 545 1059 quius
570 985 653 1041 ratus
677 978 783 1053 luerat,
807 996 862 1041 nec
879 978 1033 1041 inmerito:
1061 978 1216 1040 mulierem
1241 978 1292 1040 lilii
1311 978 1497 1053 contumeliis
1518 978 1569 1040 in·

457 1080 574 1154 festam,
593 1080 668 1142 meis
688 1080 791 1142 ciliciis
810 1080 977 1144 detunctam
998 1080 1116 1143 sciebat
1146 1081 1182 1142 de
1203 1098 1252 1142 me
1271 1099 1390 1161 quoque
1410 1080 1467 1143 fuit
1486 1080 1568 1160 quod

457 1182 589 1245 timeret:
611 1182 675 1263 puio
688 1183 737 1246 uel
751 1189 886 1263 aequent
897 1201 951 1263 ego
963 1200 1107 1264 spernens
1117 1181 1296 1256 hereditatis,
1311 1190 1412 1245 umen
1422 1180 1567 1246 uindicari
1599 1184 1604 1199 ⁸

459 1285 495 1347 de
514 1292 577 1347 tam
594 1285 761 1347 inofficioso
781 1284 917 1365 priuigno
939 1302 1002 1347 non
1014 1280 1200 1348 recusasset?
1226 1283 1299 1347 baec
1312 1284 1468 1365 praecipue
1482 1282 1568 1354 solli·
1589 1289 1605 1339 ⁵

460 1386 558 1450 citudo
579 1405 631 1449 eos
649 1387 687 1448 ad
705 1387 921 1449 accusationem
945 1387 1004 1449 mei
1029 1387 1207 1450 stimulauit:
1234 1387 1426 1450 hereditatem
1445 1402 1568 1449 omnem

460 1487 533 1549 mibi
546 1487 677 1549 relictam
689 1488 765 1550 falso
779 1506 815 1550 ox
828 1505 883 1550 sua
896 1489 1019 1551 auaritia
1032 1490 1243 1554 coniectauere.
1269 1479 1355 1553 soluo
1369 1507 1426 1551 uos
1437 1488 1467 1550 in
1478 1504 1569 1569 prae-

460 1590 581 1652 teritum
600 1589 658 1651 isto
677 1597 768 1651 metu.
798 1607 927 1671 namque
946 1592 1079 1654 animum
1093 1610 1195 1654 meum
1209 1609 1304 1672 neque
1322 1588 1492 1652 hereditatis
1511 1605 1569 1650 ne·
1608 1635 1611 1642 .

461 1709 518 1772 que
533 1690 653 1754 ultionis
667 1691 782 1754 occasio
797 1693 894 1773 potuit
907 1694 974 1755 loco
990 1694 1157 1755 demouere.
1188 1693 1316 1774 pugnaui
1330 1709 1400 1755 curn
1413 1690 1486 1753 irata
1501 1707 1569 1751 ma-

460 1797 505 1854 tre
520 1810 575 1872 pro
590 1792 726 1873 prirngno
741 1794 819 1855 malo
835 1794 968 1869 uitricus,
983 1795 1074 1857 uoluti
1088 1801 1172 1876 pater
1184 1813 1240 1876 pro
1256 1795 1367 1876 optimo
1382 1793 1443 1856 fibo
1459 1792 1568 1854 aduer·
1590 1798 1621 1850 10

333 1891 340 1901 “
371 1916 446 1962 rso.
460 1911 512 1956 sus
523 1911 693 1969 nouercam,
708 1912 763 1958 nec
773 1895 844 1957 satis
854 1896 920 1971 fuit,
934 1897 965 1958 ni
975 1896 1072 1959 bonae
1082 1896 1183 1960 uxoris
1193 1897 1337 1978 prolixam
1348 1892 1353 1981 Ι
1365 1893 1568 1958 liberalitatem

460 1995 537 2057 circa
550 1996 704 2058 menimio
719 1997 894 2078 plusaequo
910 2017 1085 2061 coercerem.
1580 2015 1637 2070 (⁵⁹⁷)

425 2107 445 2159 c
547 2097 625 2158 Cedo
651 2105 686 2161 tu
704 2105 913 2161 testamentum
933 2101 992 2161 iam
1010 2100 1130 2163 inimico
1150 2099 1210 2162 filio
1231 2117 1248 2160 a
1266 2085 1359 2162 matre
1377 2098 1497 2172 factum,
1517 2115 1568 2158 me

462 2216 551 2278 quem
565 2199 613 2260 isti
627 2200 806 2279 praedonem
817 2200 919 2264 dicunt
932 2201 1023 2263 uerba
1037 2202 1151 2282 singula
1165 2220 1233 2264 cum
1247 2201 1383 2282 precibus
1397 2206 1567 2281 praeeunte.

461 2300 560 2381 rumpi
579 2301 693 2363 tabulas
712 2302 782 2363 istas
801 2302 879 2378 iube,
903 2304 1040 2366 Maxime:
1066 2304 1199 2366 inuenies
1217 2304 1310 2366 filium
1323 2302 1472 2376 heredem,
1492 2299 1568 2362 mibi
1589 2307 1619 2356 15

462 2420 534 2464 uero
549 2407 637 2464 tenue
651 2403 750 2465 nescio
766 2404 836 2485 quid
850 2405 973 2468 honoris
988 2406 1078 2485 gratia
1092 2406 1230 2486 legatum,
1244 2422 1292 2478 ne,
1307 2403 1417 2483 siquid
1432 2420 1497 2463 eam
1507 2402 1568 2463 bu·

461 2503 589 2566 manitus
608 2505 760 2584 attigisset,
780 2513 891 2568 nomen
909 2507 1034 2569 maritus
1052 2508 1084 2569 in
1102 2507 1203 2571 unon's
1216 2505 1323 2569 tabulis
1340 2521 1403 2567 non
1416 2503 1568 2565 haberem.

462 2623 532 2687 capo
547 2605 625 2668 istud
639 2607 742 2668 matris
756 2614 823 2669 tuae
837 2595 1057 2685 testamentum,
1072 2628 1142 2673 uere
1155 2609 1214 2671 hoo
1228 2607 1346 2690 (peridem
1357 2605 1567 2669 inofficiosum.

461 2704 584 2789 quridnil
606 2708 638 2771 in
652 2727 711 2791 quo
732 2710 1032 2791 obsequentissimum
1046 2712 1187 2775 maritum
1207 2710 1403 2784 exheredauit,
1423 2706 1568 2770 inimicis·

461 2810 571 2872 simum
588 2811 681 2874 tilium
700 2811 819 2893 scripsit
841 2813 990 2888 herodem,
1017 2813 1110 2876 immo
1131 2814 1283 2877 enimuero
1303 2828 1365 2874 non
1383 2810 1487 2884 lilium,
1511 2808 1566 2871 sod
1587 2813 1619 2866 ²0

460 2910 611 2972 seminani
631 2930 700 2992 spes
718 2919 748 2974 et
766 2913 864 2975 Rufini
882 2915 1010 2995 nuptias,
1031 2916 1083 2977 sed
1101 2915 1295 2978 temulentum
1314 2913 1386 2976 illud
1400 2911 1566 2992 collegium,

461 3012 604 3093 parasitos
618 3019 695 3075 tuos.
722 3014 829 3094 accipe,
844 3014 974 3096 inquam,
990 3016 1118 3079 filiorum
1130 3017 1249 3098 optime,
1265 3023 1295 3078 ct
1304 3015 1408 3098 positis
1418 3013 1568 3101 paulisper

460 3115 592 3195 epistulis
607 3116 757 3178 amatoriis
774 3116 878 3179 matris
897 3117 960 3198 lege
978 3118 1078 3199 potius
1096 3125 1320 3182 testamentum:
1348 3116 1374 3180 si
1393 3113 1463 3196 qnid
1483 3113 1568 3194 quasi

460 3217 563 3280 insana
577 3216 703 3297 scripsit,
717 3218 765 3280 bio
779 3218 907 3298 reperies
923 3225 952 3281 et
966 3220 1085 3302 quidem
1101 3239 1171 3284 mox
1186 3217 1199 3304 Η
1214 3238 1231 3281 a
1245 3217 1403 3301 principio:
1420 3209 1567 3286 ‘Sicinius
1589 3263 1595 3270 .

460 3318 579 3381 Pudens
597 3318 675 3381 lilius
694 3338 779 3383 meus
798 3321 872 3383 milri
888 3321 975 3384 hores
994 3313 1079 3389 esto.³
1107 3323 1216 3385 fateor:
1242 3322 1293 3402 qui
1310 3321 1369 3384 hoe
1386 3318 1497 3399 legerit,
1516 3317 1566 3379 in·
1586 3330 1620 3381 rt

461 3438 563 3485 sanam
577 3421 699 3502 putabit.
728 3423 824 3486 hicine
838 3422 916 3485 filius
929 3422 1026 3497 heres,
1042 3422 1092 3504 qui
1105 3430 1134 3485 te
1147 3423 1179 3485 in
1192 3423 1258 3507 ipso
1277 3421 1376 3485 fratris
1395 3420 1442 3484 sui
1459 3419 1564 3483 itinere
1579 3431 1637 3485 (⁶⁹⁸)

461 3656 521 3708 tiam
529 3654 569 3708 vel
576 3668 629 3705 rem
638 3656 678 3708 uir
685 3655 710 3708 d.
719 3658 746 3708 t‘n
754 3670 840 3722 marg.
850 3655 911 3707 odit.
920 3655 989 3727 lutet.
1000 3654 1053 3719 ult,
1063 3669 1132 3722 spem
1141 3654 1164 3707 ci
1173 3653 1214 3707 ool
1220 3654 1348 3722 speculam
1356 3652 1552 3706 Hudetranutue
1561 3651 1570 3720 Η

531 3738 713 3794 ladtcrrasc
737 3734 743 3805 Η
769 3738 843 3801 longe
857 3736 922 3787 enim
934 3735 1034 3788 Colotes
1060 3734 1065 3802 Η
1092 3735 1176 3802 seqius
1189 3734 1243 3805 Fp,
1257 3735 1369 3787 seciusv
1392 3733 1441 3804 ll
1459 3733 1566 3787 rutisV

392 3806 394 3821 '
460 3817 466 3886 Η
490 3819 614 3870 immerito
626 3834 667 3888 φν
681 3817 687 3887 Η
701 3815 818 3870 infestam
830 3818 875 3887 sp
889 3819 923 3881 (cl
935 3815 1121 3881 Caecubonus),
1134 3815 1252 3867 inlectam
1263 3831 1291 3867 v:
1310 3815 1430 3868 offensam
1441 3814 1567 3880 Boneita,

461 3898 583 3950 infensam
594 3898 791 3952 Hildcbrondiuc
814 3897 825 3967 Η
848 3898 865 3950 4
878 3897 933 3964 quis
945 3898 1050 3965 scepei:
1064 3896 1146 3963 quinis
1158 3896 1212 3966 lup,
1225 3896 1321 3965 quisuis
1333 3897 1365 3962 V,
1377 3897 1432 3966 quis
1445 3898 1510 3976 opina
1525 3912 1539 3953 ς
1563 3893 1568 3963 Η

460 3979 625 4030 baereditatis
641 3996 659 4031 v
686 3978 697 4049 ΗΗ
726 3981 741 4030 5
762 3996 811 4031 non
828 3993 876 4030 om.
897 3995 910 4035 ς
936 3976 947 4046 Η
978 3977 1073 4046 bpoat
1088 3978 1136 4028 mci
1153 3981 1179 4030 et
1192 3979 1358 4031 hereditatem
1369 3978 1539 4030 titllroaura
1562 3974 1568 4044 Η

460 4060 670 4112 haereditatemv
694 4058 704 4128 Η
728 4063 742 4112 7
756 4059 823 4112 solui
839 4059 962 4110 Pricom
986 4057 996 4126 Η
1020 4057 1240 4112 8heercditatisv
1264 4056 1274 4126 Η
1298 4060 1314 4110 9
1327 4059 1454 4114 dimouera
1468 4074 1482 4116 t
1504 4056 1519 4128 Η
1534 4057 1567 4109 12

461 4143 519 4209 plns
531 4158 611 4209 aequo
623 4143 695 4194 uncis
706 4141 814 4193 inclusit
823 4138 966 4192 Seriocrim
990 4137 1000 4208 Η
1026 4139 1057 4191 14
1068 4137 1208 4206 praeeunti
1219 4139 1242 4191 V
1266 4137 1276 4208 ΙΙ
1300 4140 1333 4192 16
1348 4153 1403 4190 eam
1415 4138 1460 4205 up
1473 4137 1511 4200 (ct
1522 4135 1568 4188 El-

460 4223 655 4287 manborstiua),
672 4220 725 4272 civ
752 4219 762 4288 Η
793 4221 823 4272 17
840 4221 970 4285 attigisset
986 4220 1060 4288 ror:
1081 4222 1104 4271 oi
1115 4222 1139 4272 h.
1154 4220 1289 4273 accidisset
1304 4220 1344 4273 cal
1354 4217 1503 4282 contigisset
1517 4217 1567 4268 Ca·

461 4307 605 4368 teutonus,
617 4303 641 4353 ei
653 4303 676 4353 b.
691 4301 826 4366 obtigisset
836 4303 1003 4355 Romaanus
1029 4299 1034 4368 Η
1059 4300 1182 4352 count
1206 4298 1217 4368 Η
1241 4301 1272 4352 18
1289 4301 1358 4353 istud
1375 4317 1398 4369 φ
1415 4303 1456 4363 (et
1467 4297 1567 4350 Cucu-

355 4377 361 4384 ’
462 4387 564 4450 bouvel:
577 4382 718 4436 istanth
741 4381 751 4450 Η
776 4382 807 4434 19
820 4382 887 4448 quini
898 4383 952 4450 Ftp,
965 4381 1024 4449 quid
1036 4381 1087 4433 niv
1113 4381 1118 4449 Ι
1143 4381 1381 4435 inimicissumumV
1404 4378 1415 4448 Η
1438 4379 1568 4431 20scrib-

463 4466 497 4518 sit
508 4465 553 4519 FV
577 4464 587 4533 Η
610 4465 641 4516 21
656 4462 731 4515 setV
754 4460 765 4532 ΗΗ
788 4462 823 4513 22
833 4463 975 4529 parsitosv
997 4460 1008 4529 Η
1032 4462 1064 4512 23
1077 4461 1192 4527 epistolis
1205 4463 1267 4533 va
1290 4461 1300 4532 Η
1325 4463 1358 4514 24
1374 4457 1568 4512 inseniuScolt'·

460 4560 511 4611 εον
532 4544 543 4614 Η
564 4546 597 4597 25
608 4543 753 4597 insananF
767 4546 803 4607 (cl
812 4543 996 4608 macomus),
1008 4542 1122 4595 insanum
1134 4558 1176 4612 pv
1197 4542 1208 4612 Η
1232 4544 1265 4595 26
1276 4543 1373 4595 bicclne
1385 4542 1449 4612 repr
1471 4539 1482 4609 Η
