3867 5559
530 761 597 802 xvm
990 736 1177 789 autumno

529 892 608 956 nihil
647 891 771 956 iuveni:
813 890 929 955 mirum
972 890 1115 977 profecto
1153 889 1215 953 hoc
1251 885 1410 974 Scaligeri
1445 897 1477 953 et
1511 887 1630 955 Casuu-

529 996 605 1062 boni
634 995 804 1060 silentium.
851 1004 992 1061 attamen
1020 1003 1055 1059 ut
1083 992 1264 1080 aequalium
1289 992 1480 1058 sententiam
1503 1003 1632 1059 secutus

530 1100 731 1187 Scaligerum
766 1102 902 1167 habeam
931 1122 989 1187 pro
1019 1108 1163 1181 auctore,
1201 1098 1235 1164 id
1264 1100 1404 1165 maxime
1433 1121 1485 1164 me
1513 1108 1632 1180 movet,

530 1206 615 1294 quod
638 1205 756 1271 diversi
780 1214 854 1272 sunt
874 1204 1013 1292 tituli1),
1042 1204 1185 1273 diversae
1208 1203 1459 1293 praefationem)
1484 1202 1632 1268 editionis

560 1381 579 1386 ..
586 1381 591 1385 .
599 1379 670 1386 ...--—
678 1381 701 1386 ..-

602 1481 629 1548 1)
680 1481 754 1535 Edit.
772 1481 848 1535 Vulc.
866 1497 920 1549 pn:
1244 1482 1317 1536 Edit.
1335 1481 1413 1536 Vulc.
1431 1496 1496 1536 sec:

583 1567 615 1619 L.
639 1565 744 1631 Apule]
769 1566 954 1617 Madaurencie
986 1565 1073 1630 Opera
1161 1567 1193 1618 L.
1218 1566 1322 1631 ApuleI
1341 1566 1525 1618 Madaureneie
1548 1567 1635 1633 Opera

532 1650 626 1700 Omnia
638 1649 711 1712 Quae
724 1651 844 1701 Exstant.
867 1649 1074 1715 Equibm‚post
1110 1649 1203 1701 Omnia
1227 1650 1300 1713 Quae
1324 1650 1444 1702 Exstant.
1484 1651 1519 1701 In
1542 1651 1634 1716 quibua

530 1733 645 1784 nltimam
663 1734 694 1787 P.
715 1733 796 1785 C'olvii
818 1734 960 1798 editicium,
983 1733 1045 1784 Phil
1060 1761 1071 1770 -
1103 1741 1163 1799 post
1189 1750 1272 1784 omnes
1302 1734 1411 1784 omnium
1440 1735 1561 1785 editiones
1588 1734 1634 1785 icc

530 1817 627 1883 sophici
639 1818 714 1868 Libri
728 1816 782 1883 Ope
799 1818 922 1869 vcissatim.
944 1816 1004 1869 Ood.
1021 1818 1071 1871 Ma.
1103 1819 1257 1883 praestitum
1276 1825 1318 1880 est,
1337 1825 1366 1867 ut
1383 1819 1436 1868 iam
1454 1818 1553 1868 demum
1567 1817 1633 1868 Aac·
1680 1854 1682 1858 ι

530 1902 671 1952 innumeria
693 1901 792 1952 mendic
814 1902 964 1967 enpurqati3
994 1917 1072 1965 quam
1108 1909 1147 1950 tor
1165 1900 1226 1964 Ipse
1246 1900 1299 1965 Ope
1314 1900 1373 1951 Ood.
1387 1901 1449 1955 Mae.
1467 1910 1557 1952 auctus
1575 1887 1635 1952 lodie

432 2053 434 2057 Ι
528 1986 649 2050 plurimia
672 1986 731 2036 locis
749 1985 832 2049 auch,
855 2001 903 2050 per
920 1984 987 2035 Bon.
1013 1983 1072 2034 Vul·
1107 1984 1222 2049 infinitie,
1239 1983 1469 2049 interpolatus,
1487 1994 1510 2035 et
1523 1985 1634 2051 pennino

531 2070 633 2120 eunium
651 2069 816 2135 Bruqeneem.
848 2067 973 2135 Luqduni
990 2067 1073 2118 Bata·
1107 2068 1186 2119 nitori
1212 2084 1257 2118 suo
1283 2069 1412 2119 restitutus
1434 2069 1559 2134 prodeat,
1584 2084 1636 2133 per

531 2170 633 2218 vorum,
670 2153 714 2203 En
750 2152 862 2218 Officina
892 2151 1072 2217 Flaminiana,
1110 2151 1175 2202 Bon.
1206 2150 1357 2201 Vulcanium
1384 2151 1549 2217 Bruqensem.
1591 2153 1636 2202 Eu

531 2236 612 2300 Apud
651 2236 820 2287 Franciccam
860 2236 1072 2302 Raphelenqium.
1111 2232 1223 2299 Officina
1246 2235 1432 2297 Flaminiana,
1457 2235 1537 2301 Apud
1562 2234 1635 2286 Cliti·

534 2324 715 2379 omme!
720 2324 748 2378 V.
773 2328 790 2375 8
800 2323 864 2389 fol,
899 2328 934 2375 80
966 2323 994 2376 et'
1021 2326 1072 2374 383
1108 2318 1254 2383 stoplorum
1283 2317 1499 2385 Rapielenqium,
1534 2319 1635 2369 Acade-

527 2425 590 2476 μθ,
610 2413 651 2461 12,
1106 2403 1173 2452 miae
1191 2401 1405 2467 Lageam-Bai.
1431 2403 1636 2471 Tppoqrapltum.

1109 2487 1254 2542 elmlea
1274 2491 1290 2539 3
1301 2489 1360 2554 fol,
1380 2495 1432 2542 464
1446 2507 1509 2556 paq.
1528 2495 1569 2542 12.

602 2572 629 2638 2)
652 2571 773 2625 Editioni
798 2571 900 2639 primae
923 2569 1071 2625 Vulcanius
1095 2571 1236 2638 epistulam
1259 2570 1385 2639 praefixit
1407 2571 1441 2625 ad
1464 2572 1635 2626 Theodorum

532 2660 675 2715 Cantetum
699 2661 835 2727 (Luqduni
857 2661 1027 2712 Batauorum.
1063 2659 1140 2711 Anno
1166 2659 1390 2713 OIOJOXOIII.
1424 2660 1543 2712 Calendis
1564 2662 1635 2713 Octo·

531 2745 611 2810 bria).
649 2759 708 2797 cum
725 2743 892 2811 praefatione
911 2742 1036 2796 editionis
1054 2742 1187 2796 secundae
1205 2743 1326 2798 conferre
1349 2743 1424 2798 iuvat
1441 2743 1635 2812 praefationem

532 2827 670 2893 editionis,
694 2842 773 2895 quam
791 2828 902 2880 Petrum
921 2826 1083 2881 Scriverium
1107 2841 1215 2882 curasse
1239 2826 1332 2881 dicunt
1356 2828 1505 2895 (cApaleiuc
1522 2829 1647 2879 Madau

508 2913 612 2966 ‘reneis
642 2912 790 2964 Platonicus
825 2913 890 2962 aerio
925 2912 1071 2978 castiqatus.
1117 2912 1258 2966 Amiterod.
1295 2912 1367 2977 apud
1398 2913 1477 2964 (duili-
1511 2911 1635 2976 Caesium,

533 2999 768 3053 esetoexmn
787 3000 844 3063 12):

674 3081 748 3136 Edit.
766 3079 842 3133 Vulc.
861 3094 926 3135 sec:
1263 3082 1337 3136 Edit.
1358 3081 1484 3138 Samen:

649 3166 833 3237 llypoqrapltua
852 3165 961 3241 hectori.
1217 3167 1403 3238 Tppcqrapltua
1420 3167 1530 3219 Lectori.

584 3252 677 3301 Lector
706 3251 831 3314 candide,
861 3249 999 3316 Apuleium
1030 3249 1075 3300 tili
1160 3252 1254 3304 Lector
1277 3253 1401 3316 candide,
1430 3250 1568 3315 Apuleium
1591 3249 1637 3299 tibi

531 3336 631 3388 damna
678 3333 732 3386 Sed
762 3351 850 3387 oerum
878 3335 1073 3402 leqitimumque‚
1109 3334 1214 3388 mmai:
1246 3337 1292 3388 sed
1318 3352 1407 3387 uerum
1434 3335 1635 3401 lepitimumque;

453 3462 457 3468 .
530 3436 583 3470 non
602 3408 698 3469 σκὸτιον
716 3419 888 3483 autnotltum3
908 3419 1019 3484 quitum
1031 3416 1074 3469 de·
1107 3407 1326 3470 notissisimum
1337 3420 1455 3470 nothum:
1470 3418 1516 3484 qui
1529 3426 1581 3469 tum
1593 3416 1635 3467 de·

531 3519 599 3553 mum
622 3502 652 3552 iol
665 3501 839 3567 probaturum
856 3518 882 3553 sc
900 3502 945 3552 tibi
963 3500 1074 3566 confidit,
1107 3518 1176 3554 mum
1194 3503 1224 3554 id
1237 3503 1409 3570 probaturum
1427 3519 1453 3555 ce
1467 3502 1511 3554 tibi
1523 3500 1634 3566 confidit,

531 3588 554 3638 si
581 3604 638 3637 cum
664 3575 820 3656 ἧλιτομῆνοις
847 3586 944 3651 aliquot
972 3586 1075 3635 collatus
1107 3587 1131 3638 ci
1154 3604 1210 3638 eum
1232 3577 1386 3657 η’λιτομῆνοις
1410 3587 1509 3652 aliquot
1530 3584 1636 3635 collatus

523 3672 618 3738 fuerit.
654 3671 769 3733 Novum,
792 3670 912 3735 inquam,
935 3668 1074 3734 Apuleium
1102 3670 1193 3736 fuerit
1221 3671 1337 3732 Novum,
1354 3671 1475 3735 inquam,
1498 3668 1636 3734 Apuleium

532 3756 638 3818 danim,
669 3763 716 3805 aut
743 3763 862 3806 renatum
890 3753 989 3816 vetius,
1019 3752 1074 3803 sine
1109 3743 1224 3821 dantus,⁴
1237 3763 1284 3806 aut
1310 3762 1428 3807 renatum
1455 3754 1553 3816 nerium
1581 3752 1635 3802 sine

532 3839 607 3890 Notis
625 3847 716 3902 tamen,
734 3838 780 3889 hoc
798 3837 905 3889 estsine
918 3835 1037 3903 phalaia
1051 3843 1075 3887 et
1108 3837 1183 3888 Notis
1200 3846 1291 3904 tamen,
1310 3839 1356 3890 doc
1374 3839 1476 3889 estsine
1483 3836 1600 3902 plateis
1613 3843 1637 3886 et

532 3923 666 3988 ephippio:
692 3939 743 3973 non
767 3922 834 3973 enim
857 3938 949 3988 equum
974 3920 1073 3985 damus,
1108 3921 1241 3988 ephippia:
1265 3939 1317 3973 non
1341 3923 1407 3972 enim
1425 3937 1517 3987 equum
1535 3919 1634 3983 damus,

531 4007 577 4056 aed
598 4004 721 4056 Asinum:
750 4022 859 4057 aureum
881 4014 976 4073 tamen.
1017 4005 1074 4055 Has
1106 4004 1153 4055 sed
1165 4006 1274 4056 Asinum
1292 4021 1399 4057 aureum
1418 4012 1509 4058 tamen.
1540 4012 1635 4054 etcum

532 4106 632 4156 quoque
651 4089 704 4141 eL.
729 4089 868 4141 Vulcanius
891 4089 1074 4154 suppeditabit,
1108 4105 1136 4141 eo
1154 4088 1277 4154 quicquid
1290 4088 1400 4158 Apuleio
1417 4088 1575 4140 huicnostro
1588 4085 1634 4137 ad-

531 4190 578 4225 nec
596 4173 773 4224 cunmissuruc
792 4181 840 4237 est,
862 4182 891 4225 ut
907 4174 936 4226 in
953 4174 1002 4224 lac
1020 4173 1073 4224 edi·
1107 4173 1231 4238 scriptum
1241 4173 1299 4239 fuit
1317 4172 1446 4225 iactenue.
1476 4170 1636 4237 Arqumenta

532 4259 597 4309 tiene
620 4256 748 4308 decideres
771 4257 915 4322 quicquam.
956 4259 998 4308 De
1021 4256 1074 4308 edi·
1108 4257 1180 4309 libris
1195 4256 1431 4321 Metamorploceon
1444 4254 1635 4321 praemisimus,

533 4343 599 4392 tione
617 4341 663 4391 hoc
680 4357 761 4393 unum
779 4340 875 4403 dicam,
895 4348 947 4391 tam
964 4341 1073 4392 distinti-
1108 4349 1137 4392 ut
1154 4356 1257 4405 acopum
1273 4341 1384 4392 anemii
1401 4340 1489 4391 videat
1501 4339 1577 4388 lector
1589 4353 1635 4387 an-

532 4427 580 4476 lem
599 4425 732 4490 priorilue
754 4441 805 4476 esee
823 4441 901 4492 quam
917 4425 960 4476 ille
977 4424 1074 4476 Asinus
1109 4435 1209 4491 tequam
1226 4424 1322 4490 mcum:
1348 4441 1380 4476 ea
1402 4441 1415 4476 e
1439 4421 1569 4474 Beroaldo
1591 4420 1634 4471 de·

533 4509 658 4575 Apuleius
674 4508 735 4573 sibi,
761 4503 807 4575 q'ui
823 4516 884 4574 poet
902 4517 936 4559 tot
953 4508 1019 4558 male
1029 4508 1073 4573 fe·
1108 4509 1249 4563 sumsimus.
1285 4511 1327 4560 De
1350 4508 1459 4560 editione
1487 4507 1533 4557 lica
1555 4522 1635 4575 uuam
