3867 5559
548 765 550 767 ,
856 719 1026 772 ironeam
1450 725 1490 786 89

313 808 354 846 ltu.
371 807 474 848 Oudend.
1459 806 1475 848 i.
1484 808 1545 849 rtet.
1560 809 1575 848 i.
1588 809 1636 848 lec:

383 875 521 953 quiahoc
540 877 657 956 scripsit
675 872 861 938 Pudentilla?
892 893 949 937 uos
967 881 1013 936 tot
1031 875 1221 954 argumentis,
1247 871 1261 958 l}
1285 883 1331 937 tot
1350 877 1484 950 testibus,
1498 896 1513 935 r.
1524 898 1582 936 rus.

344 1040 346 1047 ,
382 982 462 1049 tanta
481 978 649 1056 operatione
668 995 788 1058 magum
807 992 856 1037 me
875 992 937 1037 non
956 974 1173 1054 probatisz-illa
1190 994 1251 1038 uno
1271 977 1362 1038 uerbo
1376 979 1487 1057 proba*

268 1151 270 1153 ,
381 1075 450 1140 ret?
470 1086 500 1140 et
514 1087 624 1159 quanto
638 1086 736 1141 tamen
749 1077 867 1158 gramus
890 1076 1059 1140 babendum
1078 1084 1132 1152 est,
1152 1078 1232 1157 quod
1246 1077 1398 1141 iu-iudicio
1414 1081 1486 1142 sub·

382 1180 529 1255 scribitur,
551 1199 639 1261 quarn
664 1181 744 1260 quod
763 1179 794 1241 in
814 1179 938 1259 epistula
957 1175 1118 1240 scribitur?
1140 1178 1211 1258 quin
1230 1184 1264 1239 tu
1283 1197 1331 1240 me
1350 1179 1486 1252 meismet

346 1281 476 1367 electis,
496 1299 557 1342 non
579 1280 679 1342 alienis
699 1280 797 1342 uerbis
818 1275 968 1341 reuincis?
1001 1286 1132 1340 cetemm
1151 1280 1253 1341 eadem
1273 1280 1322 1342 uia
1341 1282 1426 1343 multi
1444 1283 1485 1344 rei

382 1382 512 1444 cuiusuis
542 1382 675 1443 maleficii
705 1381 946 1462 postulabuntur,
976 1380 1008 1442 si·
1030 1387 1128 1443 ratum
1159 1369 1293 1444 futurum
1322 1388 1377 1457 est,
1407 1385 1507 1463 quod¹

300 1475 304 1484 ’
382 1483 511 1564 quisque
524 1485 555 1545 in
575 1480 698 1564 epistula
718 1502 771 1545 sua
796 1483 844 1545 uel
863 1499 965 1544 ornare
988 1471 1039 1543 uel
1055 1482 1123 1544 odio
1141 1483 1307 1563 cuiuspiam
1326 1467 1485 1564 scripserit.

379 1577 508 1665 ‘megum
522 1593 554 1647 tc
567 1585 685 1665 scripsit
698 1585 874 1647 Pudentilla:
897 1584 987 1664 igitur
1000 1602 1105 1663 magus
1119 1577 1171 1646 es.>
1200 1584 1279 1664 quid,
1295 1586 1320 1646 si
1334 1587 1486 1648 consulem

311 1708 368 1758 (sce)
382 1707 432 1749 me
445 1687 624 1768 scripsisset:
638 1688 752 1748 consul
772 1684 891 1748 essem?
921 1686 991 1765 quid
1012 1685 1101 1760 enim,
1128 1686 1155 1747 si
1171 1686 1325 1767 pictorem,
1345 1687 1371 1749 si
1390 1689 1486 1749 medi-

330 1806 361 1855 ιο
381 1808 459 1863 cum,
479 1790 548 1869 quid
568 1789 702 1868 denique,
728 1788 753 1850 si
772 1784 983 1849 innocentem?
1015 1805 1088 1850 num
1112 1787 1219 1867 aliquid
1239 1790 1347 1851 borum
1368 1797 1486 1870 putares
1576 1827 1577 1830 =

380 1891 498 1966 ideirco,
520 1892 599 1973 quod
618 1890 666 1952 illa
685 1886 828 1952 dixisset?
850 1889 922 1950 nihil
941 1889 1059 1950 seilicet.
1090 1891 1169 1969 atqui
1190 1890 1383 1970 periniurium
1399 1893 1485 1953 esici

380 1994 468 2056 [idem
487 1995 518 2056 in
535 1992 684 2074 peioribus
702 1991 822 2064 babere,¹
845 1991 892 2052 eui
912 1990 944 2052 in
962 1989 1134 2053 melioribus
1149 2010 1217 2052 non
1236 1991 1369 2067 haberes,
1396 2013 1486 2074 posse

379 2096 554 2158 literaseius
568 2095 604 2156 ad
618 2093 789 2176 perniciem,
803 2110 866 2154 non
876 2111 965 2172 posse
979 2092 1016 2154 ed
1027 2093 1161 2154 salutem.
1188 2083 1252 2155 ‘sed
1266 2094 1377 2173 inquies
1396 2095 1486 2156 animi

320 2196 322 2199 ’
379 2198 444 2271 fnit,
463 2197 595 2261 efflictim
610 2203 641 2257 te
655 2187 789 2258 amabat?
816 2193 946 2257 concedo
961 2182 1090 2259 inierim.
1114 2212 1188 2258 num
1202 2202 1302 2288 tamen
1317 2213 1422 2257 omnes
1437 2197 1486 2275 qui

327 2309 358 2358 15
379 2305 514 2360 amantur
528 2299 605 2379 magi
619 2305 698 2372 sunt,
713 2298 739 2359 si
751 2299 815 2360 =hoe
834 2297 912 2358 forte
926 2295 976 2375 qui
990 2303 1069 2357 amat
1083 2295 1254 2378 scripserit?
1274 2298 1373 2359 credo
1383 2316 1483 2372 nunc,

380 2401 459 2480 quod
479 2400 642 2462 Pudentilla
662 2399 755 2461 mein
774 2416 810 2461 eo
825 2403 960 2478 ternpore
983 2414 1045 2460 non
1070 2397 1195 2474 amabat,
1222 2399 1366 2480 siquidem
1391 2399 1421 2460 id
1435 2398 1485 2461 io·-

378 2501 572 2582 ras-seripsit
592 2499 597 2586 Ι
617 2503 700 2582 quod¹
715 2503 811 2582 palam
831 2507 894 2562 erat
906 2499 980 2561 mibi
996 2498 1179 2562 obfuturum.
1243 2545 1246 2548 ι
1303 2526 1305 2531 ⁴
1498 2527 1569 2566 seo..

462 2604 628 2679 Postremo,
643 2604 714 2685 quid
724 2601 794 2666 uis?
809 2620 910 2664 sanam
926 2619 964 2663 an
974 2601 1108 2663 insanam
1119 2600 1221 2676 luisse,
1236 2602 1307 2665 dum
1317 2602 1484 2666 scriberet?
1499 2614 1601 2666 bxxx

378 2721 479 2767 sanam
494 2703 598 2768 dices?
623 2706 695 2767 nihil
714 2720 788 2784 ergo·
805 2712 867 2766 erat
882 2703 1002 2783 magicis
1024 2703 1135 2765 artibus
1155 2718 1259 2782 passa:
1280 2704 1415 2766 insanam
1432 2724 1484 2769 re·

325 2821 358 2871 20
380 2804 561 2894 spondebis?
582 2808 687 2870 nesciit
699 2825 770 2886 ergo
783 2805 857 2886 quid
870 2805 1030 2886 scripserit,
1045 2822 1140 2884 eoque
1153 2804 1180 2865 ei
1190 2804 1262 2867 fides
1276 2823 1338 2866 non
1349 2807 1483 2869 habenda

378 2915 437 2970 est:
452 2908 545 2970 immo
560 2909 675 2971 etiamsi
688 2908 793 2971 fuisset
805 2908 918 2981 insana,
938 2907 1072 2969 insanam
1087 2925 1119 2968 se
1139 2924 1206 2968 esse
1226 2908 1377 2970 nescisset.
1402 2917 1481 2971 'nam

377 3015 410 3071 ut
423 3008 550 3072 absurde
558 3010 629 3073 iacit
639 3011 690 3092 qul
700 3019 797 3072 tacere
806 3029 840 3072 se
856 3009 934 3083 dicit,
950 3010 1030 3090 quod
1045 3008 1153 3073 ibidem
1171 3008 1294 3072 dicendo
1306 3016 1402 3072 tacere
1416 3028 1481 3078 sese

377 3127 440 3171 non
452 3093 529 3172 tacet
543 3119 572 3173 et
585 3112 649 3192 ipsa
663 3110 849 3191 professione
863 3111 943 3190 quod
957 3111 1113 3190 profitetur
1127 3109 1270 3172 infirmat:
1289 3111 1329 3173 ite
1350 3112 1397 3173 uel
1417 3130 1482 3174 ma-

378 3211 420 3290 gis
446 3212 503 3273 boe
527 3217 683 3294 repugnat:
709 3203 775 3292 ‘ego
800 3202 933 3275 insanio.³
963 3213 1042 3295 quod
1062 3228 1169 3274 uerum
1194 3220 1329 3286 nonest,
1354 3212 1411 3274 nisi
1437 3214 1485 3274 iri-

325 3328 358 3376 25
379 3304 473 3376 sciens
487 3313 570 3377 dicit:
585 3333 676 3395 porro
692 3332 782 3376 sanus
796 3317 850 3389 est,
874 3315 924 3394 qui
939 3313 994 3376 scit
1014 3313 1084 3394 quid
1104 3314 1144 3376 sit
1162 3313 1284 3402 insania.
1315 3314 1424 3397 quippe
1437 3316 1484 3376 in-

379 3415 459 3477 sania
473 3416 548 3479 seire
562 3435 594 3478 se
607 3434 670 3478 nou
684 3423 792 3496 potest,
806 3434 869 3479 non
879 3416 971 3496 magis
987 3435 1075 3496 quam
1087 3401 1208 3479 caecitas
1220 3436 1253 3478 se
1263 3405 1372 3479 uidere.
1397 3417 1486 3498 igitur
1593 3414 1595 3416 ’

379 3517 541 3580 Pudentilla
555 3536 679 3601 compos
693 3519 802 3582 mentis
816 3519 881 3594 fuit,
896 3519 922 3581 si
936 3526 1106 3600 compotem
1118 3519 1225 3582 mentis
1240 3536 1272 3580 se
1283 3537 1344 3582 non
1355 3520 1483 3601 putabat.

446 3754 463 3804 2
481 3753 627 3819 operatione
638 3755 743 3822 scripsi:
757 3755 871 3805 oratione
883 3752 935 3824 Pp,
949 3753 1027 3827 urdne
1039 3772 1056 3806 v
1083 3752 1095 3822 ΙΙ
1128 3756 1238 3806 3tamen
1249 3752 1369 3805 ieiunius:
1385 3744 1486 3806 tandein

380 3834 442 3901 Pepv
465 3830 504 3899 pl
519 3833 703 3903 epistolquev
733 3833 738 3900 Ι
764 3842 792 3886 tu
804 3850 843 3884 rne
855 3835 970 3888 meismet
982 3835 1014 3901 V,
1032 3851 1191 3904 qeeeeorr,
1206 3842 1259 3885 tum
1276 3849 1290 3883 e
1307 3834 1453 3904 meismetF
1478 3835 1487 3904 ΙΙ

381 3900 566 3967 5eaeterumv'
585 3911 597 3981 q
620 3914 763 3981 iepistola
775 3914 837 3983 rev
850 3913 855 3984 Ι
870 3916 959 3967 malim
971 3933 1017 3981 suo
1041 3914 1052 3984 b
1077 3915 1221 3982 reinquere
1234 3931 1250 3964 v
1272 3911 1279 3981 1
1301 3904 1426 3966 num
1439 3933 1485 3984 pu-

380 3994 568 4046 tareslodaius
592 3992 603 4062 ΙΙ
628 3992 657 4046 11
672 3996 794 4047 iccircov
819 3995 826 4064 Ι
855 3997 931 4048 nichil
942 3997 988 4068 qu
1016 3996 1026 4071 ss
1055 3997 1085 4048 12
1098 3998 1175 4049 cerda
1190 3995 1293 4060 babere,
1306 3994 1483 4049 cuiinmelio-

380 4073 450 4124 ribus
461 4073 554 4125 dauni
564 4077 591 4125 in
602 4075 681 4146 nov,
693 4080 785 4129 eciem
795 4079 821 4128 ia
835 4094 848 4134 ς
870 4075 881 4145 ΙΙ
906 4077 937 4127 13
949 4077 1051 4128 litteras
1064 4093 1081 4126 v
1095 4075 1100 4143 Ι
1119 4076 1217 4143 inquies
1225 4075 1432 4128 Hildedreedius:
1445 4077 1483 4130 in·

380 4152 504 4222 qnidFV,
525 4155 642 4224 inquito
659 4174 694 4208 ee
710 4174 778 4212 corr.
805 4154 817 4226 l
846 4157 877 4208 14
890 4154 1044 4225 efflictumrp
1075 4155 1085 4226 ss
1114 4156 1234 4228 lb'credo
1250 4156 1403 4210 Salmasius:
1422 4158 1484 4208 cedo

380 4237 441 4305 llrpv
453 4232 465 4302 ΙΙ
478 4235 510 4286 16
520 4235 591 4288 iores
603 4237 681 4309 FpV,
697 4236 761 4290 ioris
773 4256 796 4296 5:
814 4237 990 4307 iors'Ls'p'rius,
1002 4237 1069 4309 forte
1079 4237 1132 4290 suis
1144 4238 1279 4292 Acidaliae
1291 4236 1301 4307 ΙΙ
1316 4238 1347 4291 18
1356 4242 1416 4290 anta
1428 4238 1485 4290 dnm

378 4338 545 4422 murmuro
567 4369 578 4438 ΙΙ
603 4372 634 4422 19
646 4372 721 4423 nichil
733 4371 779 4442 ro
801 4372 812 4442 ΙΙ
836 4329 1136 4434 Pdnibeiiti'miselltv
1163 4372 1168 4440 Ι
1195 4371 1384 4425 scribserltPV
1407 4371 1418 4440 ΙΙ
1446 4375 1477 4425 21

378 4462 438 4595 :³th
448 4465 512 4584 :pp
531 4447 554 4600 “fl
586 4453 619 4504 22
640 4453 705 4504 idem
724 4453 840 4522 Scaliger
869 4452 882 4522 fl
913 4455 946 4504 24
961 4453 1071 4503 insciens
1092 4458 1195 4522 scripsi:
1219 4454 1301 4507 sciens
1323 4453 1425 4524 Ftpvll
1449 4457 1481 4506 Π
