3867 5559
740 1446 1128 1589 PRAEFATIO

470 1723 560 1795 Inter
589 1729 696 1794 omnia
727 1750 810 1815 quae
839 1734 951 1792 extant
973 1724 1092 1812 Apulei
1114 1725 1338 1793 Madaurensis
1368 1728 1487 1814 scripta

380 1837 488 1900 locum
511 1836 606 1922 plane
629 1834 824 1922 singularem
847 1831 971 1897 obtinet
994 1831 1185 1918 apologia
1203 1830 1271 1896 sive
1287 1831 1332 1896 de
1355 1832 1487 1918 magia

381 1941 493 2006 liber.
538 1964 629 2023 nam,
657 1948 883 2027 praeterquam
913 1937 999 2024 quod
1028 1938 1109 2003 haec
1139 1938 1241 2003 oratio
1268 1938 1486 2004 firmissimum

360 2071 362 2074 ’
381 2045 624 2110 fundamentum
648 2054 706 2127 est,
731 2066 794 2130 quo
818 2042 877 2108 niti
902 2042 999 2107 debet
1020 2052 1165 2108 nostrum
1189 2043 1228 2108 de
1244 2042 1384 2130 Apuleio
1405 2043 1485 2108 iudi-

383 2150 483 2228 cium,
514 2150 615 2213 multa
643 2149 769 2232 insunt,
800 2171 883 2235 quae
913 2147 1033 2234 optime
1059 2147 1234 2232 illustrent,
1265 2149 1368 2235 qualis
1390 2147 1486 2214 fuerit

383 2255 442 2318 sub
457 2253 696 2318 Antoninorum
718 2253 853 2339 imperio
870 2251 1002 2317 Africae
1025 2251 1212 2337 provinciae
1236 2262 1337 2318 status
1361 2255 1485 2340 quales-

382 2382 443 2446 que
472 2359 512 2422 de
541 2359 637 2423 rebus
668 2357 784 2423 divinis
814 2366 846 2422 et
874 2356 1022 2422 humanis
1052 2357 1218 2444 opiniones
1247 2360 1331 2424 illius
1367 2360 1486 2425 saeculi

381 2464 526 2530 homines
538 2464 718 2530 habuerint.
743 2463 867 2528 aceedit
879 2464 1025 2545 alterum,
1039 2463 1124 2550 quod
1132 2464 1271 2550 primum
1283 2468 1324 2531 ab
1336 2465 1485 2532 Ioanne

301 2606 304 2610 ·
384 2569 592 2635 Ludorieo
621 2569 740 2651 Vive,
775 2577 843 2632 tum
880 2592 899 2633 a
927 2567 1086 2632 Doride
1116 2568 1359 2635 Ruhnkenio
1393 2570 1485 2637 intel-

382 2676 501 2740 lectum
529 2698 594 2739 non
624 2674 664 2739 ad
687 2681 922 2760 argumentum,
946 2674 1003 2738 sed
1026 2673 1217 2740 addicendi
1241 2699 1344 2762 genus
1367 2676 1401 2740 in
1423 2676 1485 2742 hae

383 2779 527 2844 oratione
556 2779 764 2865 eonspieuum
787 2779 934 2866 pertinet
983 2778 1061 2843 dicit
1084 2780 1169 2844 enim
1193 2781 1246 2846 ilie
1269 2781 1303 2845 in
1324 2804 1483 2846 commen-

380 2883 461 2950 tario
490 2884 524 2948 in
546 2881 765 2971 Augustinum
795 2887 830 2948 de
859 2889 939 2950 civit.
969 2887 996 2949 d.
1025 2887 1107 2948 VIII
1124 2890 1181 2952 19:
1211 2895 1347 2952 <aestuat
1366 2887 1483 2974 (Appu-

381 2987 434 3074 lei)
458 2992 622 3073 Apolapiae
651 2992 727 3054 duae
756 2993 792 3054 de
819 2994 937 3072 maffia,
966 2993 1000 3054 iu
1023 2993 1128 3073 quibua
1149 2997 1233 3057 euuit
1253 2997 1378 3056 nimiam
1400 2996 1484 3057 illam

379 3099 526 3160 sermonis
552 3099 710 3160 lasciuiam
737 3105 766 3160 et
793 3099 967 3178 antiquaria
996 3104 1026 3159 et
1054 3099 1197 3161 audacter
1225 3102 1366 3161 iuaoaata
1392 3101 1485 3162 uerba

381 3203 672 3284 adcommodauitqae
694 3221 726 3263 ee
739 3201 865 3281 formai
888 3203 1008 3264 dicendi
1027 3205 1149 3283 ymeri,
1181 3203 1235 3265 aed
1255 3206 1298 3266 ita
1320 3210 1427 3282 tamea,
1454 3210 1487 3267 ut

380 3311 479 3371 aeeaio
512 3328 569 3389 quo
596 3313 689 3390 paeto
716 3307 895 3388 Appuleiam
928 3310 1115 3369 iateraaeaae
1143 3311 1328 3390 temporarie
1349 3329 1485 3392 persona

381 3419 566 3477 contectuma
599 3409 812 3476 Ruhnkeni
828 3419 936 3476 autem
951 3410 985 3474 in
999 3411 1198 3498 praefatione
1213 3412 1368 3478 volumini
1380 3413 1483 3500 primo

382 3516 531 3581 editionis
555 3515 847 3603 Oudendorpianae
875 3516 1018 3603 praefixa
1048 3515 1091 3604 (p.
1120 3515 1206 3595 IIII)
1237 3517 1299 3583 hoe
1328 3527 1376 3582 est
1403 3517 1483 3582 iudi·

382 3623 482 3688 eium:
510 3631 572 3686 ‹est
598 3644 671 3686 saue
698 3625 757 3685 ieta
781 3625 967 3704 antiquitatis
990 3623 1138 3703 affectatio
1161 3626 1283 3687 molesta
1305 3625 1485 3706 Appuleium
1512 3673 1515 3678 .

381 3731 549 3811 tepentibus.
597 3732 697 3792 neseio
723 3734 835 3810 tamea,
863 3748 903 3790 aa
933 3729 1083 3790 molestior
1110 3730 1152 3790 aa
1179 3735 1275 3792 tumor
1302 3729 1483 3811 Africanus,

380 3837 639 3916 munerationem,
670 3837 703 3897 ia
725 3836 766 3896 iis
787 3834 904 3916 quidem
926 3833 1025 3913 libata,
1049 3854 1121 3914 quoe
1143 3855 1163 3895 a
1187 3835 1280 3897 doctis
1303 3835 1360 3916 leqi
1381 3835 1483 3913 ualuit
1566 3861 1571 3865 ·

379 3946 502 4022 praeter
524 3942 641 4003 aradum
663 3946 693 4002 et
706 3941 854 4020 pudorem
877 3939 1002 4020 inflavit,
1027 3941 1173 4019 ceteroqui
1195 3941 1315 4002 miaime
1335 3941 1422 4002 heber
1443 3941 1487 4003 ad

380 4048 423 4126 iu,
447 4048 526 4128 quod
545 4048 657 4108 recum
679 4049 764 4122 esset,
788 4042 1021 4124 iatettipeadum.
1059 4045 1166 4124 quippe
1181 4046 1213 4106 ia
1228 4044 1385 4127 Apameia,
1408 4065 1484 4126 quae

380 4174 439 4215 aaa
465 4154 499 4213 ia
525 4153 709 4214 umbraculis
736 4149 919 4212 eruditorum
950 4148 1089 4229 leaenae,
1118 4150 1174 4212 aed
1193 4152 1225 4211 iu
1244 4151 1317 4228 fori
1343 4151 1407 4211 luae
1429 4152 1483 4212 Ira-

381 4257 476 4320 aenda
504 4263 594 4337 esset,
624 4262 685 4318 tam
714 4275 827 4318 uacuae
855 4260 900 4317 eet
921 4255 968 4316 aa
991 4256 1111 4335 ineptiis
1133 4255 1335 4334 scholasticis,
1366 4260 1398 4316 ut
1419 4255 1484 4318 eiue

381 4365 510 4426 orationi
538 4364 630 4439 nihil,
660 4370 712 4425 aut
738 4367 817 4425 certe
845 4381 905 4424 aaa
932 4362 1054 4424 muttum
1083 4362 1125 4423 ad
1151 4379 1297 4422 mmmam
1325 4363 1483 4422 sanitatem
1544 4382 1547 4386 “

380 4469 480 4531 decem
496 4447 648 4532 niteatur.
690 4469 733 4530 ad
752 4487 836 4549 quem
858 4466 975 4529 modum
997 4469 1025 4528 ai
1048 4471 1159 4528 ceteras
1181 4465 1275 4527 libros
1296 4467 1480 4547 eorummet,
