3867 5559
465 751 506 815 62
807 748 836 800 L.
855 745 1223 804 mvmlmuvnnnsrs
1638 793 1641 798 .

319 835 335 876 s.
344 836 405 876 arsa.
420 835 436 876 r.
445 837 493 876 rsa.
1481 829 1524 872 na.
1538 830 1645 872 onasus

372 947 374 950 -
409 913 452 967 Lu
554 903 649 965 lmmo
664 903 743 964 enim
757 901 783 964 si
796 919 903 964 uemm
917 903 1001 978 uelis,
1021 901 1189 977 Aemiliane,
1209 908 1243 964 tu
1256 901 1356 982 potius
1376 900 1504 962 caducus
1523 899 1573 979 qui

471 1005 529 1066 iam
544 1012 589 1065 tot
603 1005 755 1066 calumniis
771 1002 908 1066 cecidisti.
937 1006 1126 1084 nequeenim
1150 1005 1268 1084 grauius
1282 1011 1327 1065 est
1345 1021 1470 1083 corpore
1485 1019 1573 1083 mam

384 1125 399 1164 r.
412 1125 457 1167 m.
472 1107 561 1169 corde
572 1103 685 1179 collabi,
700 1106 774 1187 pede
781 1107 881 1186 potius
893 1124 981 1186 quam
991 1114 1089 1168 mente
1105 1105 1260 1189 conruere,
1276 1106 1307 1167 in
1321 1105 1455 1167 cubiculo
1470 1106 1573 1186 despui

472 1225 560 1289 quam
574 1208 606 1269 in
619 1206 677 1269 isto
691 1208 929 1288 splendidissimo
944 1215 1030 1270 coetu
1044 1209 1190 1272 detestari.
1216 1215 1246 1270 at
1257 1215 1291 1270 tu
1304 1208 1430 1270 fortasse
1444 1216 1473 1270 te
1487 1214 1574 1288 putas

472 1327 587 1385 sanum,
603 1310 682 1390 quod
696 1327 758 1372 non
777 1311 858 1372 domi
868 1310 1042 1386 contineris,
1062 1312 1114 1373 sed
1129 1312 1272 1373 insaniam
1291 1316 1383 1384 tuam,
1404 1327 1522 1390 quoquo
1542 1317 1573 1372 te
1593 1320 1609 1369 5

471 1411 594 1486 duxerit,
610 1412 750 1491 sequeris.
782 1413 861 1491 atqui
875 1412 901 1473 si
915 1413 1091 1475 contendere
1104 1415 1151 1476 uis
1162 1415 1294 1476 furorem
1304 1419 1390 1474 tuum
1402 1430 1470 1474 cum
1481 1413 1574 1475 Thalli

471 1515 582 1588 lurore,
604 1514 736 1576 inuenies
755 1530 817 1576 non
836 1515 1016 1594 permultum
1036 1516 1187 1591 interesse,
1206 1516 1263 1578 nisi
1277 1516 1357 1596 quod
1373 1515 1493 1577 Thallus
1507 1515 1573 1590 sihi,

472 1623 505 1679 tu
519 1617 607 1678 etiam
622 1615 684 1677 aliis
699 1616 783 1678 luris.
806 1623 936 1679 ceterum
950 1617 1071 1681 Thallus
1091 1619 1193 1680 oculos
1214 1603 1341 1698 torquet,
1362 1625 1396 1679 tu
1409 1617 1573 1691 ueritatem,

472 1719 592 1780 Thallus
606 1735 712 1779 manus
727 1718 881 1792 contrahit,
896 1725 930 1780 tu
944 1726 1096 1798 patronos,
1111 1721 1231 1782 Thallus
1242 1720 1418 1800 pauimentis
1433 1719 1574 1792 inliditur,

472 1830 506 1884 tu
522 1821 728 1883 tribunalibus.
757 1827 909 1899 postremo
933 1821 980 1881 ille
1000 1821 1141 1900 quidquid
1155 1821 1222 1900 agit,
1247 1821 1278 1883 in
1297 1822 1481 1901 aegritudine·
1494 1822 1572 1894 facit,
1595 1828 1627 1877 10

474 1916 611 2005 ignorans
630 1928 744 2003 peccat:
765 1928 796 1982 at
809 1927 852 1997 tu,
871 1922 972 1997 miser,
992 1924 1122 2003 prudens
1143 1930 1173 1985 et
1192 1923 1287 1984 sciens
1308 1924 1462 2004 delinquis.
1495 1930 1575 1985 tanta

472 2026 518 2088 uis
543 2024 640 2086 morhi
664 2031 695 2086 to
719 2023 851 2103 instigat:
876 2022 985 2086 falsum
1004 2045 1059 2106 pro
1079 2044 1151 2087 uero
1172 2025 1334 2100 insimulas,
1360 2026 1500 2088 infectum
1520 2009 1574 2106 pro

472 2128 549 2190 lacto
564 2125 738 2202 criminaris,
759 2144 847 2205 quem
867 2127 1055 2189 innocentem
1069 2127 1179 2208 liquido
1199 2128 1266 2202 scis,
1286 2135 1385 2190 tamen
1404 2143 1524 2190 accusas
1541 2134 1577 2190 ut

402 2236 454 2287 ΗΠ
472 2235 637 2290 nocentem.
673 2228 744 2308 quin
769 2228 856 2290 etiam
879 2262 924 2274 -
943 2229 1023 2310 quod
1047 2229 1182 2310 praeterii
1202 2264 1246 2276 -
1269 2237 1340 2294 sunt
1364 2247 1438 2310 qnae
1459 2229 1575 2292 fatearis

472 2331 594 2405 nescire,
609 2338 639 2392 et
651 2330 754 2392 eadem
767 2347 881 2406 rursus,
896 2331 980 2411 quasi
994 2331 1079 2405 scias,
1093 2331 1263 2394 criminaris.
1386 2367 1389 2374 ·
1597 2336 1628 2386 15

555 2432 606 2494 dis
620 2432 700 2494 enim
714 2451 763 2494 me
777 2433 914 2496 hahuisse
929 2433 1072 2514 quaedam
1086 2433 1235 2496 sudariolo
1255 2432 1387 2495 inuoluta
1402 2431 1479 2514 apud
1499 2432 1574 2495 lares
1625 2482 1634 2491 .

472 2533 617 2597 Pontiani.
647 2552 680 2595 ea
693 2535 828 2596 inuoluta
845 2553 921 2615 quae
936 2542 966 2597 et
979 2535 1062 2598 cuius
1078 2535 1159 2597 modi
1178 2535 1297 2608 fuerint,
1315 2535 1444 2597 nescisse
1458 2542 1487 2596 te
1501 2550 1576 2596 con·
1639 2559 1642 2566 ¹

471 2635 571 2710 literis,
586 2652 681 2717 neque
695 2643 844 2718 praeterea
859 2655 1036 2719 quemquam
1052 2655 1116 2700 esse
1132 2637 1181 2717 qui
1191 2636 1312 2699 uiderit:
1327 2643 1427 2699 tamen
1440 2636 1487 2699 illa
1502 2652 1575 2698 cou-

470 2737 566 2799 tendis
580 2737 776 2800 instmmenta
790 2739 901 2820 magiae
914 2740 1015 2804 hrisse.
1044 2758 1133 2803 nemo
1147 2738 1200 2800 tihi
1212 2738 1388 2812 blandiatur,
1402 2737 1575 2799 Aemiliane:

471 2856 533 2900 non
548 2847 594 2900 est
606 2839 638 2900 in
652 2835 817 2902 accusando
832 2842 963 2904 uersutia
976 2861 1010 2904 ac
1024 2859 1063 2905 ue
1076 2840 1259 2920 impudentia
1274 2839 1406 2920 quidem:
1426 2855 1464 2901 ne
1477 2845 1511 2902 tu
1525 2855 1574 2900 ar-
1595 2843 1630 2894 20

471 2939 598 3002 bitroris.
630 2941 700 3021 quid
713 2939 824 3021 igitur?
852 2943 938 3006 furor
956 2943 1056 3005 infelix
1069 2942 1165 3004 acerbi
1180 2941 1270 3003 animi
1290 2948 1319 3003 et
1338 2941 1447 3003 misera
1463 2940 1576 3002 insania

433 3044 436 3050 '
471 3041 578 3104 crudae
592 3043 760 3106 senectutis.
789 3045 836 3107 his
850 3045 929 3106 enim
944 3063 1037 3126 paene
1050 3044 1149 3107 uerbis
1163 3062 1232 3105 cum
1245 3050 1306 3106 tam
1322 3043 1403 3124 graui
1416 3049 1445 3104 et
1459 3043 1573 3124 perspi·
1589 3061 1647 3114 (ers)

473 3144 532 3206 caci
547 3144 641 3208 iudice
656 3144 754 3224 egisti:
766 3137 884 3208 ‘habuit
896 3147 1037 3227 Apuleius
1053 3147 1206 3227 quaepiam
1220 3143 1484 3208 linteoloinuoluta
1498 3145 1575 3226 apud

472 3246 547 3309 lares
561 3247 707 3310 Pontiani.
736 3248 808 3309 haec
823 3248 963 3329 quoniam
983 3248 1087 3328 ignoro
1106 3267 1180 3328 quae
1198 3248 1317 3322 fuerint,
1337 3247 1445 3309 idcirco
1464 3246 1576 3328 magica

471 3348 564 3410 fuisse
578 3349 734 3412 contendo.
763 3350 850 3412 crede
866 3349 956 3430 igitur
975 3349 1049 3413 mihi
1069 3349 1148 3432 quod
1163 3349 1238 3425 dico,
1262 3348 1330 3430 quia
1343 3347 1373 3411 id
1387 3347 1452 3410 dico
1472 3342 1476 3432 Ι
1496 3348 1576 3429 quod
1596 3357 1630 3407 25

472 3442 592 3513 nescio?
619 3470 638 3512 o
657 3450 780 3532 pulchra
798 3458 971 3532 argumenta
990 3459 1020 3514 et
1039 3458 1138 3533 aperte
1157 3452 1269 3515 crimen
1288 3449 1477 3514 reuincentia.
1502 3441 1577 3512 ‘hoo

473 3550 538 3626 fuit,
554 3551 693 3631 qnoniam
708 3553 776 3645 quid
791 3554 880 3616 fuerit
893 3545 1018 3634 ignoro.²
1039 3554 1121 3617 solus
1136 3559 1271 3634 repertus
1286 3571 1328 3629 ee,
1341 3551 1511 3629 Aemiliane,
1526 3553 1576 3633 qui

473 3653 548 3716 scias
562 3653 649 3716 etiam
662 3654 712 3716 illa
725 3650 739 3739 ΙΙ
755 3673 828 3736 quae
841 3656 948 3719 nescis
976 3663 1092 3719 tautum
1106 3674 1197 3739 super
1208 3657 1305 3720 omnis
1319 3657 1443 3721 stultitia
1457 3661 1576 3721 euectus

473 3773 521 3820 es:
537 3756 645 3839 quippe
662 3757 730 3838 [qui]
746 3758 942 3822 sollertissimi
956 3765 986 3821 et
1000 3759 1134 3823 acerrimi
1148 3759 1395 3841 philosophorum
1409 3757 1498 3822 neiis
1510 3756 1576 3838 qui-

531 4000 556 4059 ι1
571 4001 649 4052 inor
667 3999 673 4068 Ι
692 4002 815 4056 enimdel.
828 4000 996 4070 Salmasius!
1020 4002 1346 4060 siandireuerumuelisr
1369 3998 1380 4071 Ι
1401 3999 1576 4068 lcalnmpniis

475 4099 499 4150 φ
521 4074 534 4150 Ι
557 4081 572 4132 6
584 4080 606 4132 si
619 4097 640 4145 ς,
653 4098 702 4133 om.
715 4083 778 4153 Frpv
792 4083 797 4153 Ι
813 4085 959 4137 contenderi
972 4083 994 4137 V
1006 4082 1017 4152 ΙΙ
1040 4085 1055 4136 8
1068 4086 1187 4151 ceterum]
1202 4083 1293 4136 etenim
1305 4083 1345 4136 ael
1355 4083 1447 4136 iturum
1458 4081 1576 4134 Latmius

475 4159 485 4232 Ι
509 4163 651 4214 9inliditur
663 4161 873 4236 FV,illiditnr‹p
897 4164 907 4235 ΙΙ
932 4165 1144 4235 10,Ιιιίοᾳπίᾱ,φν
1167 4161 1178 4235 Ι
1207 4164 1236 4215 11
1252 4162 1426 4232 delinqui.sT
1454 4160 1465 4232 Ι
1494 4163 1526 4217 14
1537 4161 1576 4214 ia-

472 4245 539 4317 .teris
550 4245 673 4298 Priorem
696 4241 707 4313 Ι
730 4244 763 4296 20
775 4245 941 4313 imprudentia
951 4246 1076 4299 Pricaeus
1098 4243 1109 4315 Ι
1132 4244 1271 4298 ariddaeo
1283 4264 1315 4316 φ,
1337 4243 1430 4297 iccirco
1443 4244 1483 4299 Tr
1505 4241 1517 4313 Ι
1544 4243 1577 4295 25

475 4324 665 4393 qniaidom.F
697 4323 708 4393 Ι
740 4325 774 4376 26
791 4335 817 4379 ct
828 4331 1075 4398 lausannensem
1086 4343 1136 4379 rso.
1168 4323 1178 4394 Ι
1208 4325 1241 4378 26
1253 4332 1279 4379 et
1290 4327 1322 4378 27
1340 4328 1417 4378 uerba
1430 4325 1479 4377 hoc
1495 4322 1578 4376 luit-

475 4406 565 4469 ignoro
577 4422 664 4477 aarum
687 4405 698 4475 Ι
721 4407 755 4459 28
765 4408 876 4460 stultitia
889 4409 1067 4462 casaubonus:
1084 4406 1192 4460 stultitie
1205 4407 1259 4476 Fu,
1276 4406 1390 4459 stulticia
1401 4422 1420 4457 v
1443 4403 1449 4474 Ι
1472 4413 1577 4458 euectus

474 4485 661 4557 {imnectnsv
688 4485 700 4556 Ι
727 4489 761 4541 29
777 4489 1062 4557 quiseoluss'tlshas'uss
1080 4488 1195 4556 quippani
1208 4488 1308 4540 Colos'us
1340 4486 1344 4555 Ι
1373 4486 1578 4554 philosophorum

475 4565 637 4636 lueruntcl
1553 4569 1555 4573 ’
