3867 5559
607 729 1113 808 rsmucsslveommsurlmo
1358 757 1414 802 m

287 974 290 978 r
310 893 346 950 ut
364 884 505 951 omnium
521 883 653 952 minime
669 894 885 952 correctorum
902 909 1016 953 manus
1032 897 1208 974 expertam,
1233 892 1265 956 et
1280 889 1413 977 proinde

311 988 416 1075 minus
440 1000 640 1080 corruptam,
669 1015 727 1080 per
755 991 863 1058 omnia
886 993 990 1059 secuti
1012 1016 1137 1059 sumus:
1166 993 1229 1060 nisi
1252 1018 1290 1063 ea
1312 996 1413 1065 mani-

311 1097 392 1163 feste
426 1096 542 1164 vitiosa
576 1107 670 1164 esset.
728 1097 813 1164 Nam
848 1107 880 1191 et
913 1098 999 1186 ipsa,
1037 1108 1165 1186 praeter
1198 1124 1295 1188 quam
1329 1101 1415 1190 quod

313 1201 442 1271 Graeca
463 1204 531 1269 fere
553 1226 618 1269 non
640 1202 768 1285 habuit,
799 1227 916 1289 graves
944 1227 1006 1270 nec
1035 1228 1153 1292 paucas
1183 1207 1315 1274 mendas
1340 1230 1414 1273 con-

312 1309 402 1374 tinet
442 1333 521 1397 quas
544 1332 613 1392 uos,
637 1308 701 1373 Dei
724 1307 852 1392 virtute,
876 1310 1047 1398 plerasque
1071 1334 1182 1378 omnes
1206 1313 1317 1398 sagaci
1340 1335 1414 1378 cou-

312 1415 435 1482 iectura
463 1415 681 1482 abstersimus.
727 1414 895 1480 Eiusmodi
924 1424 973 1481 est
996 1415 1081 1501 quod
1104 1417 1218 1483 falsam
1243 1415 1413 1502 ἐπιγραφήν,

313 1543 395 1609 quae
411 1520 587 1588 orationem
603 1520 742 1602 unicam,
766 1530 798 1586 et
812 1529 848 1586 ut
863 1520 1086 1587 Iurisconsulti
1101 1522 1286 1610 loquuntur,
1308 1533 1415 1590 actum

312 1626 509 1713 legitimum,
539 1625 594 1714 qui
616 1624 797 1692 necessario
821 1625 992 1692 continuus
1014 1649 1085 1692 ease
1105 1627 1218 1711 debet,
1246 1629 1329 1693 male
1353 1628 1414 1694 dis-

313 1733 483 1819 pescebat,
514 1716 770 1815 emendavimus,
794 1753 941 1819 quaeque
964 1731 1043 1798 vitio
1068 1734 1314 1821 separabantur,
1339 1756 1416 1799 con-

314 1836 486 1920 iunximus,
510 1836 599 1903 etin
621 1836 789 1924 pristinam
812 1835 1030 1924 integritatem
1048 1838 1255 1905 restituimus.
1294 1839 1416 1905 Aucto-

314 1944 357 2008 ris
379 1965 445 2008 nou
469 1963 539 2008 esse
562 1963 633 2007 eam
656 1942 845 2025 sectionem,
869 1964 964 2007 nemo
988 1966 1085 2009 sanus
1108 1943 1141 2012 in
1166 1945 1417 2011 controversiam

314 2071 431 2114 vocare
453 2055 567 2137 potest.
613 2046 699 2113 Nam
723 2071 839 2135 quare,
869 2049 1018 2129 obsecro,
1049 2043 1082 2114 iu
1110 2049 1277 2117 scribendo
1301 2050 1417 2116 oratio-

315 2177 388 2220 nem
417 2153 593 2236 divisisset,
630 2176 728 2240 quam
756 2176 820 2218 uuo
848 2162 959 2219 tenore
988 2154 1074 2242 apud
1097 2156 1244 2222 Procoss.
1277 2181 1416 2244 pronun-

315 2259 448 2326 tiasset?
482 2281 545 2347 quo
576 2258 750 2345 exemplo?
784 2268 839 2325 aut
868 2282 964 2346 quam
994 2262 1035 2327 ob
1067 2263 1237 2328 caussam?
1270 2287 1311 2328 an
1342 2262 1418 2350 quia

314 2366 397 2432 liber
424 2364 551 2451 longior
577 2372 646 2430 erat
672 2363 821 2429 futurus?
849 2388 965 2452 nugae.
1014 2366 1106 2454 quasi
1132 2390 1197 2432 non
1220 2367 1339 2433 multae
1361 2367 1417 2432 ho·

316 2470 367 2535 die
397 2479 504 2536 extent
531 2478 564 2535 et
588 2467 788 2536 Graecorum
812 2480 973 2538 oratorum
997 2480 1029 2538 et
1050 2471 1270 2540 Romanorum
1294 2472 1417 2560 longio-

315 2580 376 2642 res'.
427 2575 554 2642 Deinde
583 2574 654 2663 quis
683 2598 748 2640 non
778 2575 881 2661 videt,
917 2586 1020 2644 totum
1048 2578 1201 2644 orationis
1232 2588 1417 2646 contextum

316 2706 379 2748 una
400 2683 619 2770 propositione
642 2682 815 2766 contineri,
843 2705 907 2751 uno
931 2683 1060 2771 epilogo
1083 2684 1212 2750 claudi?
1239 2684 1316 2751 Non
1340 2708 1417 2772 ergo

317 2786 456 2854 auctoris
481 2799 549 2855 erat
571 2789 627 2854 illa
649 2783 738 2874 τομήε
768 2811 865 2876 quam
887 2797 1058 2876 propterea
1081 2788 1150 2856 iure
1173 2789 1287 2857 merito
1315 2799 1418 2856 sustu-

315 2895 419 2961 limus.
457 2895 646 2983 praesertim
663 2919 735 2961 cum
752 2893 942 2960 auctoritate
958 2894 1073 2960 summi
1088 2894 1150 2961 viri
1165 2894 1291 2962 Aurelii
1306 2895 1417 2984 Augu-

317 3001 392 3068 stini
419 3003 540 3068 factum
568 3010 713 3070 nostrum
741 2999 823 3066 tueri
850 2999 1025 3090 possimus:
1056 3001 1112 3089 qui
1134 3008 1299 3070 orationem
1321 3009 1419 3088 copio-

316 3112 468 3173 sissimam
494 3108 580 3174 hunc
607 3095 724 3172 librum
753 3107 901 3194 appellat.
948 3105 1097 3172 nimirum
1121 3107 1189 3174 eius
1212 3118 1317 3176 aetate
1340 3133 1418 3175 non-

295 3214 393 3287 ,dum
415 3222 562 3280 exortum
586 3222 655 3278 erat
677 3211 761 3278 istud
783 3211 1025 3300 ingeniosorum
1046 3212 1212 3279 hominum
1227 3237 1340 3302 genus,
1365 3215 1420 3303 qui

317 3319 432 3407 partim
462 3318 658 3408 ignorantia,
694 3317 811 3406 partim
840 3315 985 3401 περιεργίᾳ
1016 3316 1226 3402 intolerabili,
1256 3320 1290 3387 in
1319 3322 1420 3387 bonos

317 3435 463 3492 auctores
490 3423 614 3512 pridem
637 3432 832 3512 grassantur.
881 3422 1049 3488 Eiusmodi
1071 3424 1254 3492 hominibus
1276 3426 1419 3514 partitio·

317 3555 391 3599 nem
412 3532 496 3598 hauc
519 3539 687 3618 acceptam
709 3532 794 3615 ferre
817 3528 985 3595 debemus:
1017 3529 1073 3617 qui
1096 3531 1193 3596 etiam
1216 3531 1418 3599 Floridorum

296 3638 434 3716 ,librum
467 3637 607 3725 primum
640 3636 674 3701 in
709 3634 788 3703 duos
822 3657 888 3699 non
922 3635 1047 3701 minore
1076 3635 1199 3724 flagitio
1229 3637 1419 3703 tribuerunt.

317 3741 382 3809 non
416 3743 501 3808 euim
539 3751 693 3830 quatuor,
728 3740 785 3807 sed
815 3750 880 3806 tres
910 3741 1012 3806 solum
1035 3740 1116 3807 'libri
1146 3741 1350 3809 Floridorum
1380 3745 1420 3810 ab

286 3907 288 3912 .
318 3848 455 3936 Apuleio
488 3857 562 3915 sunt
589 3847 703 3915 relicti.
752 3883 795 3894 -
818 3883 862 3893 —
885 3885 926 3893 —
951 3846 1062 3912 Redeo
1086 3846 1126 3912 ad
1149 3848 1329 3913 Romanam
1354 3848 1419 3913 edi·

318 3953 455 4020 tionem:
485 3975 527 4018 ex
555 3978 619 4042 qua
645 3953 727 4020 scire
750 3953 824 4018 volo
847 3953 1001 4018 lectorem
1023 3953 1193 4040 plerasque
1216 3976 1327 4040 omnes
1351 3977 1421 4020 esse

317 4059 556 4125 emendationes
578 4067 737 4146 promtas,
765 4080 899 4146 quarum
926 4058 1008 4123 ratio
1030 4058 1092 4123 hcc
1115 4057 1198 4124 libro
1220 4081 1287 4124 non
1309 4058 1422 4125 redde·

317 4174 377 4232 tur.
431 4165 533 4230 Porro
568 4164 639 4253 quis
669 4165 723 4230 ille
751 4163 849 4230 fuerit
877 4162 932 4250 qui
960 4162 1082 4250 primus
1111 4173 1236 4230 tantum
1263 4163 1420 4249 flagitium

317 4269 498 4353 admiserit,
528 4279 561 4335 et
589 4280 637 4336 tot
666 4277 809 4335 monstra
831 4267 925 4335 nobis
947 4279 1021 4355 post
1043 4269 1131 4333 illam
1154 4269 1327 4335 editionem
1350 4290 1421 4355 pro-

317 4375 441 4459 tulerit,
473 4398 531 4463 pro
560 4386 648 4442 certo
678 4384 878 4463 compertum
906 4396 972 4439 non
1001 4374 1164 4440 habemus.
1209 4382 1286 4460 puto
1315 4382 1422 4438 tamen

318 4480 519 4546 Berrandum
549 4481 784 4548 Philomathem
807 4480 958 4548 Pisanum
981 4480 1095 4563 fuisse,
1127 4478 1182 4566 qui
1212 4501 1283 4544 eam
1313 4476 1422 4543 editio·

1204 4591 1224 4642 C
