3867 5559
462 723 510 764 vm
921 697 1108 750 rnlsrlrro
1141 660 1145 667 ’

462 863 497 918 ut
519 853 581 917 hoc
604 875 668 917 uno
686 863 763 943 utar
786 852 944 938 exemplo,
969 850 1009 916 ad
1032 852 1132 917 verba
1158 849 1285 917 Graeca
1307 875 1338 939 p.
1355 854 1391 916 41
1399 901 1408 934 ,
1437 853 1564 916 12-15
1663 869 1670 888 ⁸

464 956 612 1023 editionis
640 981 746 1022 meae:
780 959 913 1041 <quaudo
937 978 1070 1041 praeese
1098 963 1258 1023 varietates
1275 961 1400 1041 fuerint
1427 961 1565 1042 deinceps

462 1067 606 1129 eiusmodi
612 1113 621 1146 ,
645 1069 778 1128 inutilem
801 1066 936 1128 dommus
958 1065 1089 1127 laborem
1111 1085 1162 1127 eas
1184 1067 1371 1147 ecscrtdere,
1400 1085 1466 1128 cum
1489 1067 1569 1128 netu

462 1192 501 1235 ec
523 1173 563 1234 tis
585 1177 732 1253 ecsurpot
752 1173 794 1234 cd
813 1191 877 1236 rem
899 1176 980 1233 tuem
993 1170 1130 1251 foetens,
1159 1176 1188 1233 et
1209 1172 1294 1234 nobb
1314 1173 1437 1234 mettum
1459 1176 1565 1252 tempo-

462 1278 509 1339 ris
530 1276 703 1357 steterint.
748 1274 841 1356 satis,
872 1273 1001 1360 opinor,
1030 1274 1105 1338 hinc
1129 1273 1248 1355 elucet,
1272 1274 1345 1339 talis
1369 1274 1566 1361 excerptoris

462 1380 589 1445 notulas
611 1403 769 1467 nusquam
792 1389 883 1445 extra
906 1377 1138 1444 dubitationem
1159 1377 1280 1466 positas
1304 1401 1383 1445 esse.

477 1559 479 1563 ,
554 1484 661 1564 Quam
689 1486 731 1551 ob
759 1508 828 1550 rem
857 1507 930 1550 cum
960 1483 1078 1550 abhinc
1108 1483 1244 1550 triennio
1276 1484 1566 1571 circumspicerem,

463 1590 548 1657 unde
576 1613 693 1656 novam
723 1589 871 1672 codicum
895 1589 1156 1654 Florentinorum
1186 1589 1388 1654 collationem
1410 1588 1489 1653 mihi
1512 1613 1566 1676 pa·

463 1720 579 1780 rorem,
605 1697 750 1783 contigit,
774 1705 810 1761 ut
832 1694 1031 1760 Leonardi
1055 1691 1160 1780 Spen
1168 1695 1250 1780 geli
1272 1695 1312 1761 de
1334 1695 1414 1761 locis
1432 1693 1567 1760 Graecis

465 1802 520 1890 qui
543 1802 576 1866 in
597 1802 716 1888 Apulei
740 1801 866 1888 scriptis
889 1801 999 1865 insunt
1022 1801 1248 1865 commentatio
1278 1823 1387 1865 museo
1409 1800 1567 1864 Rhenano

465 1931 492 1973 a.
525 1908 606 1973 1861
640 1906 736 1993 (XVI
748 1931 783 1990 p.
806 1905 956 1990 27-37)
987 1905 1106 1970 inserta
1135 1904 1278 1970 animum
1306 1929 1413 1971 meum
1440 1904 1480 1969 ad
1505 1905 1567 1970 col·
1648 1964 1651 1969 .

465 2012 617 2077 lationem
645 2011 826 2077 adverteret
853 2035 872 2076 a
895 2011 1019 2076 Petro
1043 2009 1229 2075 Victorio
1258 2011 1397 2098 margini
1420 2009 1569 2076 editionis

464 2117 655 2182 Vicentinae
695 2117 737 2203 (a.
776 2117 875 2204 1488)
913 2115 1097 2181 Florentiae
1132 2139 1216 2181 anno
1253 2117 1335 2181 1521
1373 2116 1568 2203 adspersam,

466 2244 548 2309 quae
584 2222 687 2286 adhuc
720 2223 858 2287 latuerat
891 2221 925 2285 in
959 2220 1155 2287 bibliotheca
1184 2221 1275 2308 regia
1304 2220 1493 2287 Monacensi
1522 2220 1568 2308 (n.

466 2325 579 2412 2001).
627 2326 794 2393 confestim
822 2325 863 2391 ad
891 2324 997 2390 virum
1025 2325 1269 2392 celeberrimum
1293 2327 1461 2415 epistulam
1485 2326 1569 2407 dedi,

466 2431 598 2517 eiusque
622 2441 654 2496 et
671 2430 812 2497 Caroli
834 2429 971 2495 Halmi
986 2453 1130 2496 summae
1149 2432 1332 2497 liberalitati
1348 2433 1460 2513 debe0,
1484 2433 1570 2519 quod

467 2561 508 2602 ex
543 2538 718 2625 exemplari
748 2538 803 2602 illo
832 2536 1020 2601 Victoriano
1050 2536 1091 2602 ad
1118 2560 1169 2602 me
1189 2537 1386 2607 ‚transmisso
1415 2538 1449 2602 in
1478 2561 1570 2603 usum

466 2666 574 2708 meum
604 2643 771 2708 desumere
799 2641 891 2708 licuit
919 2642 1123 2707 collationem
1145 2643 1283 2726 codicis,
1313 2652 1348 2708 ut
1372 2668 1444 2710 cum
1468 2641 1568 2731 Spon-

431 2812 433 2815 .
467 2749 552 2835 gelio
589 2750 771 2835 sperabam,
806 2747 1015 2814 Laurentiani
1050 2747 1200 2814 LXVIII
1228 2751 1259 2816 2.
1304 2772 1394 2836 spem
1431 2750 1571 2836 augebat

427 2861 431 2890 '²
467 2853 658 2941 subscriptio
681 2854 731 2918 his
753 2854 861 2920 verbis
884 2863 1066 2940 concepta:

576 2962 761 3043 ‹Reeopucet
790 2983 857 3025 cum
885 2964 1053 3044 attemptari
1081 2965 1190 3026 titteris
1217 2962 1429 3043 Lenpcdcrdte
1458 2962 1572 3047 scripto

577 3069 693 3131 eDtut
720 3071 819 3131 rueret
843 3068 1020 3131 Florentiae
1047 3070 1229 3133 bibliotheca.
1275 3089 1333 3132 acu
1357 3071 1428 3138 ¹siue
1455 3089 1571 3131 summu

578 3173 742 3255 ditipeatte.
780 3175 992 3256 odsmueetqee
1014 3175 1093 3256 quod
1112 3177 1190 3238 acteo
1213 3181 1247 3238 ut
1266 3177 1344 3239 citit
1360 3177 1393 3238 tu
1409 3174 1572 3237 conlatione

574 3281 852 3360 praetermitterem.
904 3298 940 3342 ee
974 3299 1010 3342 ea
1045 3280 1163 3361 quidem
1197 3300 1273 3362 qaue
1302 3286 1444 3362 corrupte
1465 3281 1572 3360 primu
1615 3343 1616 3346 ,

568 3383 660 3463 fecte
687 3386 874 3448 uidebantur.
920 3405 957 3448 ne
985 3386 1178 3448 emendaturo
1207 3388 1290 3449 tecue
1311 3388 1500 3449 coemeturae
1522 3385 1572 3447 de-

578 3494 662 3551 esset.
709 3490 789 3571 quod
808 3491 1078 3576 repetiuecutorte
1100 3492 1231 3554 eiusdem
1254 3492 1358 3554 decret
1378 3492 1411 3555 tu
1434 3497 1554 3554 uetusto.

633 3595 704 3657 Καὶ.
730 3596 865 3658 Martiis.
883 3594 1069 3659 'M.D.XXI.
1158 3597 1193 3660 P.
1222 3598 1573 3661 victoriosiorem

557 3698 628 3763 Iam
661 3699 813 3783 putabam
848 3706 976 3785 praesto
1009 3698 1086 3763 mihi
1117 3720 1187 3764 esse
1215 3699 1473 3782 fundamentum,
1509 3722 1572 3786 quo

469 3802 529 3868 niti
551 3825 687 3890 possem.
734 3802 811 3890 quid
834 3803 966 3886 mirum,
995 3803 1080 3891 quod
1105 3804 1214 3871 dolore
1238 3807 1377 3894 quodam
1398 3805 1573 3887 afficiebar,

471 3913 543 3973 oum'
574 3907 788 3974 dubitationes
817 3909 902 3974 haud
931 3909 976 3975 ita
1004 3910 1092 3976 leves
1121 3911 1161 3976 de
1189 3895 1252 3977 tide
1280 3911 1365 3977 illius
1393 3911 1572 3977 collationis

471 4013 549 4077 mihi
578 4012 868 4079 subnascerentur‘?
902 4014 1053 4081 videbam
1082 4038 1123 4081 ne
1151 4039 1215 4082 uno
1245 4017 1374 4104 quidem
1402 4018 1502 4083 verbo
1533 4017 1572 4081 si-

471 4117 657 4206 gnificatam
671 4141 690 4182 a
705 4117 851 4212 llictorio
867 4120 1027 4202 lacunam,
1052 4143 1149 4208 quam
1164 4121 1291 4188 Keilius
1306 4121 1340 4187 in
1360 4121 1472 4187 codice
1488 4120 1572 4188 Lau-

471 4221 617 4290 rentiano
640 4220 789 4288 LXVIII
812 4225 833 4288 2
862 4223 1042 4308 detexerat,
1071 4224 1213 4313 itemque
1242 4226 1392 4292 videbam
1418 4226 1574 4292 lectiones

473 4327 616 4393 eiusdem
627 4326 701 4393 libri
712 4329 931 4416 manuscripti,
947 4352 1027 4417 quas
1038 4329 1165 4396 Keilius
1176 4332 1290 4399 Iahnio
1304 4332 1572 4422 suppeditaverat,

474 4433 603 4498 differre
638 4456 657 4497 a
691 4434 883 4500 lectionibus
916 4434 1132 4502 Victorianis:
1164 4437 1278 4505 hocine
1311 4439 1485 4506 tribuerem
1512 4437 1574 4504 viri
