3867 5559
443 753 480 795 xx
900 732 1089 785 PRAEFATIO

430 884 545 967 'mopsi
566 887 648 948 itlius
666 886 806 949 Censoris
816 886 921 967 fisisse
942 889 1135 968 aspolitam>z
1158 884 1232 951 vide
1246 888 1395 968 Beraays.
1420 888 1439 950 I.
1464 887 1494 950 d.
1510 908 1546 968 p.

442 988 673 1077 292-294.¹)

532 1094 625 1174 Quae
654 1118 727 1160 cum
750 1094 795 1160 ita
816 1095 895 1180 sint,
924 1119 966 1162 ex
990 1096 1166 1183 exemplari
1190 1094 1337 1161 editionis
1359 1093 1444 1159 illius
1467 1092 1545 1158 Vul-

445 1201 599 1268 canianae
615 1201 785 1283 secundae,
804 1201 888 1289 quod
903 1201 1078 1268 liberaliter
1093 1201 1135 1267 ad
1150 1224 1201 1266 me
1216 1199 1392 1267 transmisit
1403 1199 1543 1286 praefec-

443 1316 494 1371 tus
517 1306 731 1373 bibliothecae
755 1307 958 1374 academicae
981 1305 1258 1387 Vratislaviensis,
1289 1305 1435 1393 excerpsi
1459 1305 1546 1371 etin

444 1422 617 1502 conspectu
639 1413 714 1479 huic
737 1412 870 1480 editioni
892 1414 989 1480 affixo
1012 1414 1143 1479 exhibui
1165 1436 1275 1479 omnes
1297 1433 1379 1499 quae
1401 1413 1441 1479 ad
1457 1412 1545 1500 Apu-

442 1519 485 1583 lei
505 1518 688 1606 apologiam
703 1521 864 1607 pertinent
879 1518 1038 1607 Scaligeri
1054 1519 1303 1599 emendationes,
1325 1517 1440 1605 quibus
1460 1541 1546 1584 com·

443 1627 597 1713 probatur
630 1625 693 1689 hoc
721 1625 943 1691 Ruhnkeni
977 1625 1130 1693 iudicium
1162 1626 1274 1714 (praet
1302 1627 1344 1688 ad
1368 1626 1436 1689 edit.
1468 1627 1551 1697 Oed„

438 1755 470 1814 p.
499 1732 589 1817 VII):
612 1762 672 1788 ‹-
695 1734 728 1796 ia
750 1735 808 1796 tae
830 1754 922 1815 opera
943 1736 1063 1798 vicaria
1085 1740 1223 1799 11111111
1250 1735 1401 1814 aliquanto
1423 1735 1547 1814 religio-

441 1840 520 1919 sius,
550 1858 639 1920 11111
667 1859 793 1921 mopsus
821 1839 976 1922 Scaliger:
1010 1842 1076 1921 qui,
1106 1862 1172 1905 cem
1194 1840 1376 1921 posterioris
1408 1839 1547 1901 editionis

446 1946 651 2009 Vulcaniaaoe
679 1945 761 2025 apud
779 1945 964 2027 Ropteleny.
992 1967 1020 2010 α.
1044 1948 1140 2011 1600.
1163 1966 1269 2010 ceram
1290 1946 1481 2025 suscepisset,
1511 1946 1545 2007 in

442 2051 539 2113 olicae
561 2070 649 2133 opere
668 2051 738 2130 ptos
759 2051 819 2114 siti
841 2053 961 2132 1111111,
986 2073 1074 2134 qaam
1100 2053 1228 2116 critices
1250 2052 1330 2114 ratio
1352 2055 1382 2112 et
1400 2051 1545 2114 modestia

431 2153 597 2230 suebant>

528 2258 568 2324 In
598 2257 803 2326 adnotatione
833 2261 997 2349 superiore
1025 2262 1111 2328 haud
1140 2259 1252 2328 inutile
1280 2258 1385 2324 visum
1409 2268 1543 2325 estnon

444 2386 609 2451 nunquam
644 2364 771 2431 adicere
805 2366 941 2433 aliorum
980 2366 1170 2454 scriptorum
1207 2368 1311 2448 locos,
1351 2373 1442 2451 aptos
1473 2364 1544 2427 illos

442 2466 482 2532 ad
511 2469 611 2533 verba
639 2467 758 2557 Apulei
787 2470 976 2537 illustranda
1004 2472 1056 2536 vel
1086 2471 1125 2536 ad
1155 2471 1371 2552 coniecturas,
1402 2454 1481 2556 quas
1510 2468 1544 2532 in

441 2582 531 2638 textu
546 2573 648 2659 posui,
671 2575 913 2641 confirmandas.
954 2585 1043 2642 extat
1058 2575 1141 2642 inter
1155 2576 1214 2641 hes
1230 2575 1318 2662 (pop.
1335 2573 1392 2661 13)
1408 2573 1544 2639 nitidum

440 2676 519 2744 illud
542 2678 652 2744 Valeri
675 2679 806 2746 Aeditui
832 2680 1040 2768 epigramma,
1065 2681 1116 2746 cui
1139 2679 1337 2747 emendando
1360 2679 1543 2766 nuperrime

441 2806 571 2871 operam
596 2784 682 2850 dedit
698 2785 946 2853 He'rmannus
962 2785 1164 2853 Vsenerus
1182 2786 1269 2875 (mes.
1285 2788 1381 2850 Rhea.
1398 2808 1426 2852 a.
1449 2786 1542 2850 1864.

440 2891 577 2954 XVIIII
589 2912 624 2972 p.
642 2890 736 2978 150):
760 2916 838 2957 num
859 2890 1039 2979 periculum
1061 2891 1220 2957 medelam
1244 2891 1285 2956 ad
1308 2891 1405 2956 finem
1426 2888 1542 2978 perdu-

440 2993 534 3059 cendi
556 2993 634 3058 mihi
657 2997 739 3062 bene
765 2997 907 3079 cesserit,
930 2997 1000 3084 ipso
1025 2998 1065 3063 ab
1089 2996 1192 3062 amico
1216 2997 1313 3062 velim
1337 2994 1495 3082 audire.²)

528 3099 580 3165 De
604 3101 812 3185 coniecturis,
842 3102 957 3189 quibus
984 3101 1018 3167 in
1041 3111 1196 3190 apparatu
1220 3102 1330 3168 critico
1354 3110 1543 3189 argumenta

440 3204 557 3271 addere
593 3207 680 3271 nolui
713 3207 949 3296 perspicuitatis
986 3207 1090 3295 gratia
1124 3208 1157 3273 in
1193 3206 1311 3297 Apulei
1348 3216 1540 3271 commenta·

439 3311 495 3377 riis
530 3311 585 3378 diu
615 3312 829 3397 desideratae,
862 3337 903 3379 ne
932 3314 993 3379 hoc
1024 3314 1153 3400 quidem
1180 3314 1252 3378 loco
1282 3313 1388 3378 dicere
1418 3311 1540 3395 attinet,

440 3440 512 3482 cum
541 3418 620 3482 mihi
642 3419 879 3505 proposuerim,
904 3428 936 3484 et
964 3419 1004 3482 de
1028 3418 1076 3482 his
1101 3417 1195 3483 etde
1219 3417 1330 3482 codice
1353 3416 1540 3481 Victoriana

441 3545 538 3609 supra
561 3522 720 3612 descripto
744 3523 925 3590 accuratius
948 3522 1111 3611 disputare
1133 3522 1167 3588 in
1189 3530 1427 3610 programmate
1448 3544 1540 3608 gym-

438 3629 520 3694 nasii
541 3629 644 3694 nostri
665 3629 853 3695 Ioachimici
877 3639 1029 3695 autumno
1052 3628 1146 3694 huius
1170 3628 1246 3695 anni
1269 3627 1401 3693 edendo.

526 3735 712 3817 11111111,
744 3734 931 3824 priusquam
960 3734 1105 3801 libellum
1128 3759 1231 3823 aequo
1256 3725 1439 3800 criticorum
1461 3732 1539 3798 iudi-

438 3841 488 3906 cio
512 3840 767 3906 commendatum
791 3842 899 3907 valere
922 3841 1028 3923 iubeo,
1052 3841 1234 3928 gratissimo
1256 3840 1361 3905 animo
1377 3839 1538 3927 profiteor,

436 3945 555 4033 Apulei
577 3945 715 4012 existere
738 3946 892 4013 editorem
914 3969 966 4011 me
987 3969 1052 4011 non
1069 3970 1219 4012 ausurum
1234 3945 1343 4028 firisse,
1368 3943 1428 4009 nisi
1445 3943 1538 4010 Otto

436 4051 615 4134 Iahnius,
638 4063 829 4139 praeceptor
852 4051 1034 4118 carissimus
1058 4051 1207 4140 idemque
1230 4052 1264 4117 in
1281 4050 1398 4140 Apulei
1414 4048 1539 4136 scriptis

436 4159 572 4224 multum
594 4166 750 4240 versatus,
775 4157 926 4224 eximiam
948 4158 1036 4222 illam
1057 4157 1325 4237 benevolentiam,
1349 4179 1413 4243 qua
1429 4177 1539 4220 omnes

435 4286 510 4330 suos
534 4263 707 4352 discipulos
729 4264 782 4328 vel
805 4274 878 4351 post
898 4262 1096 4329 academiam
1118 4262 1264 4329 relictam
1280 4261 1432 4351 prosequi
1448 4260 1537 4342 solet,

507 4421 534 4486 1)
553 4418 585 4472 cf.
604 4419 735 4476 addenda.

506 4501 533 4566 2)
553 4501 586 4555 cf.
605 4503 734 4558 addenda.
