3867 5559
759 768 992 835 ‘Aramum
1099 775 1106 822 ’ἒ
1418 781 1457 843 51
1573 816 1581 841 t

279 867 323 908 aa.
337 867 439 909 cucone.
1434 863 1604 904 circuens.

347 935 387 996 de
406 935 465 997 situ
484 951 586 998 earnm
606 935 700 1014 deque
719 951 843 998 numero
869 933 963 1012 deque
987 948 1077 995 causa
1100 930 1286 994 conscribere
1308 948 1342 994 ac
1363 931 1454 996 libros

352 1027 522 1116 ἀνατομῶν
546 1036 695 1099 Aristoteli
720 1042 749 1098 et
774 1036 925 1116 explorare
949 1022 1047 1096 studio
1073 1040 1103 1097 et
1124 1050 1238 1113 augere.
1275 1041 1362 1113 atque
1380 1034 1453 1097 adeo

332 1166 337 1174 ·
350 1156 465 1199 summe
480 1137 582 1212 miror,
598 1139 677 1216 quod
691 1155 786 1198 unum
800 1155 817 1207 a
831 1156 879 1198 me
893 1136 1067 1219 pisciculum
1081 1135 1248 1217 inspectum
1263 1135 1370 1212 sciatis,
1386 1154 1454 1198 cum

351 1239 410 1300 iam
425 1239 579 1318 plurimos,
593 1239 771 1319 ubicumque
790 1242 924 1301 locorum
939 1239 1028 1300 oblati
1047 1245 1131 1313 sunt,
1157 1257 1248 1319 aeque
1268 1237 1455 1318 inspexerim,

320 1353 335 1400 5
353 1342 525 1422 praesertim
540 1341 619 1422 qnod
632 1341 705 1402 nihil
719 1360 773 1420 ego
785 1337 926 1415 clanculo,
942 1342 994 1402 sed
1009 1342 1108 1402 omnia
1122 1340 1153 1402 in
1167 1341 1322 1420 propatulo
1339 1358 1408 1420 ago,
1422 1348 1457 1403 ut

350 1443 448 1524 quiuis
461 1443 510 1504 uel
524 1443 665 1504 extrarius
680 1443 789 1505 arbiter
803 1443 932 1517 adsistat,
947 1461 1032 1504 more
1045 1444 1104 1504 hoc
1114 1448 1144 1502 et
1153 1434 1287 1504 instituto
1298 1442 1456 1520 magistro·

350 1563 419 1608 rum
437 1561 589 1618 meorum,
610 1544 660 1624 qni
681 1545 763 1606 aiunt
781 1545 934 1606 hominem
953 1545 1078 1606 libemm
1099 1550 1128 1605 et
1141 1543 1329 1622 magnificum
1344 1543 1455 1617 decere,

352 1647 377 1709 si
391 1652 478 1725 queat
491 1645 523 1706 iu
537 1646 661 1725 primori
675 1647 773 1709 fronte
787 1647 919 1709 animum
934 1654 1056 1726 gestare.
1086 1648 1167 1711 hunc
1180 1647 1252 1708 adeo
1273 1645 1455 1734 pisciculum,

353 1765 440 1828 quem
469 1766 526 1810 uos
555 1749 686 1828 leporem
714 1749 862 1811 marinum
893 1745 1069 1822 nominatis,
1099 1747 1234 1830 plurimis
1262 1747 1312 1827 qui
1337 1747 1457 1810 aderant

300 1860 332 1910 10
355 1848 478 1912 ostendi.
516 1850 643 1911 necdum
663 1850 751 1912 etiam
771 1852 896 1913 decerno
917 1850 987 1931 qnid
1009 1868 1125 1924 uocem,
1151 1850 1209 1912 nisi
1228 1866 1365 1929 quaeram
1386 1866 1456 1910 sane

352 1951 524 2025 accuratius,
544 1950 623 2030 quod
639 1969 694 2014 uec
713 1953 790 2032 apud
810 1959 925 2016 ueteres
946 1953 1141 2033 philosophos
1161 1951 1371 2033 proprietatem
1392 1950 1455 2013 eius

352 2052 439 2133 piscis
453 2053 577 2133 reperio,
593 2071 771 2133 quamquam
784 2055 824 2117 sit
838 2055 971 2116 omnium
986 2053 1136 2116 rarissima
1156 2059 1185 2114 et
1203 2053 1320 2115 hercule
1339 2070 1456 2114 memo-

352 2155 451 2218 randa.
481 2155 588 2235 quippe
603 2157 687 2218 solus·
699 2157 756 2230 ille,
782 2163 925 2236 quantum
944 2156 1044 2230 sciant,
1063 2173 1133 2218 cum
1153 2154 1193 2216 sit
1213 2161 1309 2217 cetera
1333 2153 1455 2228 exossis,

352 2256 508 2318 duodecim
522 2274 647 2319 numero
663 2276 731 2319 ossa
745 2259 783 2320 ad
797 2259 1018 2321 similitudinem
1032 2257 1161 2319 talorum
1171 2255 1326 2320 suillorum
1340 2255 1372 2317 in
1381 2272 1457 2318 uen-

300 2373 332 2422 15
352 2363 398 2417 tre
412 2357 477 2419 eius
490 2373 601 2418 conexa
614 2365 644 2419 et
657 2365 788 2421 catenata
801 2366 881 2423 sunt.
911 2362 992 2440 quod
1005 2357 1176 2421 Aristoteles
1197 2358 1222 2420 si
1245 2359 1357 2432 scisset,
1378 2373 1457 2419 nun·

354 2476 444 2540 quam
464 2460 596 2539 profecto
618 2459 783 2544 omisisllset
802 2462 912 2541 scripto
932 2461 1067 2542 prodere,
1087 2461 1136 2540 qui
1155 2460 1236 2522 aselli
1255 2459 1344 2541 piscis
1364 2459 1457 2521 solius

352 2560 488 2622 omnium
507 2561 539 2622 in
561 2561 656 2623 media
675 2563 743 2625 aluo
762 2564 915 2626 corculum
934 2563 1025 2630 situm
1041 2581 1105 2644 pro
1124 2563 1253 2624 maximo
1273 2559 1458 2623 memorauit.

282 2653 501 2744 (ocq‘pisoem',
521 2662 625 2741 inquit,
641 2655 848 2742 ‘proscidisti'.
888 2666 946 2726 hoo
966 2664 1031 2745 quis
1050 2665 1126 2727 ferat
1143 2663 1321 2745 philosopho
1343 2661 1455 2723 crimen
1473 2665 1590 2719 xxxiii
1661 2693 1663 2704 ι

353 2781 427 2839 esse,
448 2764 527 2844 qnod
541 2764 618 2824 lanio
633 2765 681 2825 uel
696 2783 792 2845 coquo
807 2783 870 2826 nou
887 2763 1017 2827 fuisset?
1039 2757 1167 2846 ‘piscem
1182 2763 1362 2845 proscidisti:
1380 2761 1457 2848 quod

301 2873 334 2924 ru
357 2857 507 2928 crudum':
523 2865 552 2927 id
567 2863 709 2928 accusas?
730 2867 756 2928 si
777 2873 861 2928 cocto
876 2873 1012 2930 uentmm
1031 2884 1179 2948 rusparer,
1199 2865 1314 2945 hepatia
1328 2864 1459 2931 suffode-

353 2985 427 3042 rem,
446 2968 486 3029 ita
499 2973 534 3029 nt
547 2966 626 3047 apud
639 2975 669 3030 te
683 2969 824 3048 puerulus
835 2968 883 3030 ille
900 2969 1026 3033 Sicinius
1040 2969 1158 3032 Pudens
1178 2964 1182 3045 Ι
1202 2973 1321 3030 suomet
1332 2965 1457 3028 obsonio

354 3069 447 3144 discit,
462 3087 526 3130 eam
541 3087 606 3131 rem
619 3086 681 3130 non
695 3078 813 3149 putares
832 3072 1040 3133 accusandam:
1066 3071 1146 3150 atqui
1165 3069 1260 3130 maius
1285 3069 1397 3130 crimen
1415 3075 1460 3131 est

353 3170 530 3253 philosopho
545 3189 678 3232 comesse
689 3172 777 3252 piscis
793 3189 882 3251 quam
895 3173 1048 3254 inspicere.
1078 3190 1116 3234 an
1126 3170 1246 3234 hariolis
1257 3169 1323 3232 licet
1332 3170 1460 3232 iocinera

353 3272 463 3347 rimari,
489 3271 667 3354 philosopho
689 3275 881 3356 contemplari
899 3294 961 3338 non
980 3275 1087 3350 licebit,
1112 3274 1162 3356 qui
1182 3292 1214 3335 se
1234 3272 1306 3335 sciat
1325 3271 1459 3365 omnium

300 3375 524 3444 nominalium
547 3375 749 3457 haruspicem,
776 3376 910 3439 omnium
937 3376 1026 3440 deum
1047 3370 1252 3440 sacerdotem?
1278 3374 1336 3436 hoc
1360 3373 1391 3436 in
1410 3391 1459 3436 me

284 3494 343 3547 (roe)
356 3494 484 3552 accusas,
505 3475 586 3558 quod
599 3494 653 3556 ego
673 3483 703 3540 et
721 3479 864 3542 Maximus
883 3479 915 3542 in
932 3477 1088 3543 Aristotele
1106 3472 1271 3541 miramur?
1301 3475 1384 3540 ouius
1403 3475 1461 3539 nisi

356 3715 388 3764 15
407 3714 547 3768 Afictotalis
565 3715 655 3786 fragm.
674 3717 713 3769 ed.
731 3717 798 3770 Rosa
816 3733 841 3784 p.
855 3719 916 3768 alr.

423 3935 556 4003 idoniqne
568 3951 670 3989 numero
683 3938 787 4005 deniqne
800 3951 877 3991 cansa
888 3937 934 4007 Ρφ
953 3936 958 4005 Ι
979 3936 1108 3989 lienosis
1125 3934 1136 4004 l
1159 3935 1175 3986 2
1190 3936 1315 4001 sortasse
1330 3935 1386 3987 ideo
1410 3933 1421 4004 Ι
1444 3933 1460 3986 3

355 4029 450 4066 mmo
464 4015 621 4069 Salmasius:
643 4020 762 4070 adcorum
779 4033 818 4068 me
836 4019 916 4070 miror
931 4016 987 4083 FV,
1007 4018 1146 4089 adquorum
1158 4030 1197 4066 rna
1213 4017 1326 4086 miror-cp
1343 4014 1353 4084 l
1375 4015 1462 4068 ‹lubi-

354 4096 505 4166 cunqnccpl
521 4099 670 4153 locaran
694 4097 704 4168 ΙΙ
733 4099 875 4168 brichilqr
907 4099 911 4167 Ι
936 4100 974 4164 ιιι]
993 4105 1046 4150 etv
1072 4096 1083 4166 l
1110 4097 1272 4150 bassistatv
1302 4096 1313 4166 Ι]
1341 4097 1459 4150 'ldaccrc

354 4179 637 4249 scripsirdebcrelhpv
659 4178 670 4250 ΙΙ
695 4182 816 4250 ldqnirp
840 4177 846 4249 Ι
871 4187 993 4232 nocentv
1020 4177 1030 4246 l
1060 4177 1231 4232 ldcaetornr
1258 4177 1268 4246 l
1299 4179 1330 4229 15
1347 4191 1461 4229 connexa

355 4258 419 4329 va
450 4261 456 4328 Ι
488 4261 581 4312 scisset
594 4277 615 4326 ς,
627 4277 677 4314 om.
691 4260 768 4330 Fch.
786 4277 820 4312 cre
831 4262 993 4314 scribendum
1005 4263 1055 4310 eat:
1072 4260 1138 4326 qnod
1149 4258 1194 4310 Ar.
1206 4276 1229 4310 n.
1240 4274 1279 4326 pr.
1290 4258 1425 4322 omisisset,
1439 4259 1461 4308 si

356 4340 457 4404 cussa,
468 4353 518 4392 scr.
531 4343 656 4407 proderet
672 4341 677 4408 Ι
690 4357 814 4410 nmquam
828 4359 849 4407 ς,
861 4358 968 4410 unquam
980 4342 1043 4410 Fcpr
1066 4337 1076 4408 ΙΙ
1102 4341 1133 4393 16
1145 4341 1240 4392 scribto
1256 4338 1277 4392 V
1299 4335 1309 4406 ΙΙ
1333 4340 1364 4390 11
1377 4338 1459 4390 medio

354 4418 417 4489 V'l
441 4421 474 4473 18
489 4421 607 4490 iaqnidF
630 4421 641 4491 l
663 4424 798 4476 19cooov
820 4422 831 4492 l
854 4425 1055 4489 haruspicem,
1078 4419 1273 4488 rusparctl'qov
1302 4417 1306 4483 Ι
1331 4419 1461 4485 bepetiav

355 4497 361 4568 Ι
387 4501 418 4553 21
437 4501 537 4556 Sicinnr
551 4519 570 4556 v
592 4500 603 4572 Ι
627 4503 723 4556 obacro
736 4504 775 4557 rv
802 4504 814 4574 Ι
840 4499 1462 4568 1111111ιιῑιιὶιοαωιιῠοηιιε,ιιῑιὶιιερεεω

353 4581 358 4649 l
383 4586 580 4637 accusandam
602 4582 613 4653 Ι
636 4585 670 4636 23
683 4585 808 4655 arioliscp
832 4584 839 4654 Ι
865 4584 1059 4654 iooincnanV
1083 4583 1095 4653 l
1115 4578 1368 4679 lbamspiceppl
