3867 5559
449 720 490 783 22
790 720 820 772 L.
838 717 960 771 arveni
973 716 1210 770 uantvunusts

307 806 323 847 ι.
333 804 394 846 rora.
409 805 425 846 r.
434 807 468 845 ιι.
1461 807 1503 846 nr.
1519 807 1622 850 oureus

446 866 524 936 ultro
535 874 623 937 etiam
638 875 766 938 suasisse
779 876 873 935 femur
883 872 1033 953 discipulis
1045 871 1117 945 suis,
1133 871 1236 934 crebro
1247 879 1281 934 ut
1292 879 1385 935 semet
1394 874 1424 934 in
1436 876 1556 954 speculo

447 974 739 1057 contemplarentur?
761 975 804 1038 uti
816 975 865 1055 qui
880 993 986 1036 eorum
1000 974 1077 1035 foret
1091 974 1307 1053 pulchritudine
1328 976 1383 1036 sibi
1397 978 1557 1056 complaci-

446 1084 505 1151 tus,
520 1077 668 1158 impendio
683 1084 864 1158 procuraret,
878 1095 916 1138 ne
931 1076 1101 1157 dignitatem
1116 1077 1249 1156 corporis
1260 1077 1345 1138 malis
1355 1078 1489 1140 moribus
1504 1081 1557 1142 de-

447 1179 611 1243 decoraret:
627 1181 678 1260 qui
691 1199 763 1242 uero
779 1180 877 1241 minus
888 1197 920 1240 se
931 1177 1194 1240 commendabilem
1205 1178 1302 1240 forma
1312 1187 1437 1260 putaret,
1453 1181 1555 1243 sedulo

372 1302 388 1342 ι.
396 1302 432 1342 ιι.
449 1299 569 1362 operam
589 1282 685 1357 daret,
706 1288 740 1344 ut
758 1281 876 1344 uirtutis
896 1280 981 1342 laude
999 1279 1212 1359 turpitudinem
1237 1280 1241 1363 l
1266 1288 1384 1360 tegeret.
1422 1282 1494 1344 adeo
1509 1284 1556 1345 uir
1573 1297 1588 1347 5

448 1384 582 1447 omnium
597 1384 832 1464 sapientissimus
846 1383 966 1463 speculo
982 1381 1070 1442 etiam
1091 1381 1127 1442 ad
1146 1381 1330 1462 disciplinam
1350 1402 1469 1445 morum
1489 1391 1556 1447 ute·

447 1484 543 1549 batur.
572 1485 792 1549 Demosthenen
812 1479 901 1559 uero,
922 1484 1095 1564 primarium
1116 1482 1230 1546 dicendi
1249 1485 1403 1560 artificem,
1425 1487 1491 1565 qrris
1511 1495 1556 1550 est

448 1587 574 1667 qui-non
589 1588 661 1649 sciat
675 1606 792 1668 semper
812 1594 879 1650 ante
900 1586 1052 1666 speculum
1069 1585 1151 1665 quasi
1172 1593 1238 1648 ante
1258 1588 1433 1672 magistrum
1452 1607 1556 1652 causas

447 1685 642 1751 meditatum?
673 1689 713 1750 ita
726 1689 774 1750 ille
789 1706 926 1751 summus
941 1695 1042 1751 orator
1056 1707 1125 1749 oum
1146 1706 1163 1748 a
1176 1689 1299 1751 Platone
1312 1691 1489 1771 philosopho
1508 1692 1555 1754 la-

447 1791 583 1854 cundiam
597 1791 753 1866 hausisset
768 1791 803 1852 ab
818 1791 961 1852 Eubulide
976 1789 1123 1851 dialectico
1139 1791 1404 1869 argumentationes
1419 1793 1554 1855 edidicis-
1574 1809 1605 1860 10

447 1900 501 1968 set,
527 1893 721 1956 nouissimam
745 1893 956 1974 pronuntiandi
984 1893 1207 1973 congruentiam
1232 1894 1268 1955 ab
1294 1894 1414 1973 speculo
1441 1895 1554 1975 petiuit.

446 2002 547 2058 utrum
562 1996 651 2076 igitur
664 2004 750 2077 putas
765 1995 908 2060 maiorem
918 2012 1021 2058 cinam
1035 1995 1149 2057 decoris
1164 1995 1195 2056 in
1210 1994 1408 2058 adseueranda
1423 1997 1556 2060 oratione

447 2098 663 2179 suscipiendam
678 2097 790 2160 rhetori
800 2098 927 2176 iurganti
938 2116 976 2158 an
987 2098 1164 2178 philosopho
1178 2095 1364 2177 obiurganti‘i
1391 2098 1468 2179 apud
1478 2098 1555 2160 iudi·

447 2219 496 2262 ces
511 2208 591 2261 sorte
606 2200 710 2261 ductos
725 2200 873 2280 paulisper
889 2200 1061 2281 disceptanti
1081 2218 1118 2260 an
1130 2201 1207 2280 apud
1219 2201 1316 2262 omnis
1327 2200 1462 2262 homines
1474 2219 1555 2262 sem-

446 2320 500 2382 per
513 2300 689 2365 disserenti?
719 2302 755 2364 de
769 2302 877 2364 tinibus
892 2319 1031 2382 agrorum
1046 2303 1167 2382 litiganti
1181 2321 1219 2365 an
1235 2303 1270 2365 de
1286 2303 1393 2366 tinibus
1403 2303 1552 2366 bonorum
1572 2317 1604 2366 15

446 2411 477 2466 et
486 2405 633 2467 malorum
643 2401 782 2467 docenti?
794 2404 874 2484 quid,
886 2403 966 2484 quod
977 2423 1032 2466 nec
1043 2404 1081 2465 ob
1092 2406 1164 2466 haec
1174 2405 1260 2467 debet
1270 2406 1476 2469 tantummodo
1484 2406 1552 2484 phi·

446 2507 589 2586 losophus
604 2508 757 2586 speculum
771 2504 921 2569 inuisere?
936 2526 1006 2570 nam
1017 2525 1103 2587 saepe
1119 2514 1236 2588 oportet
1254 2526 1316 2570 non
1336 2507 1426 2569 modo
1448 2507 1553 2569 simili-

445 2607 579 2670 tudinem
594 2627 688 2683 suam,
703 2628 809 2672 uerum
824 2610 911 2672 etiam
925 2610 1018 2691 ipsius
1033 2609 1231 2672 similitudinis
1252 2610 1396 2688 rationem
1416 2610 1552 2673 conside·
1566 2636 1626 2691 (ιιι)

446 2728 526 2774 rare:
541 2729 625 2786 num,
640 2719 674 2774 ut
688 2712 728 2775 ait
741 2713 896 2793 Epicurus,
911 2712 1060 2795 profectae
1075 2731 1092 2773 a
1111 2711 1197 2774 nobis
1211 2712 1352 2792 imagines
1366 2714 1449 2777 uelut
1463 2731 1553 2793 quae-

501 2964 575 3027 σθαι,
598 2957 632 3015 ἵν’
654 2963 676 3015 al
701 2962 743 3034 pio
765 2964 838 3015 καλοὶ
862 2959 917 3030 εἶεν,
942 2954 1009 3034 ἄξιοι
1031 2960 1160 3034 γίγνοιντο·
1181 2965 1203 3015 el
1222 2958 1246 3015 δ’
1269 2963 1382 3038 αἰσχροί,
1401 2963 1500 3033 παιδείᾳ

500 3036 543 3112 τὴν
561 3046 698 3100 δυσείδειαν
716 3039 908 3101 incautiorem.

420 3117 526 3184 χ7-9
547 3134 649 3195 Quintil.
671 3134 709 3184 Xl
733 3137 757 3197 3,
776 3134 820 3183 68:
848 3135 953 3198 ideoque
980 3135 1165 3185 Demosthenes
1193 3135 1287 3199 grande
1316 3137 1441 3199 quoddam
1462 3139 1499 3187 in·

499 3224 571 3269 tuens
593 3219 720 3284 speculum
744 3204 894 3282 componere
917 3217 1041 3268 sobonem
1059 3218 1166 3281 solebas
1193 3220 1264 3284 oded,
1288 3219 1400 3282 quamuis
1419 3220 1501 3284 fulgor

499 3302 539 3350 ille
551 3302 660 3352 sinistras
671 3303 792 3367 imagines
803 3302 898 3369 reddat,
910 3304 961 3352 suis
975 3303 1075 3352 demum
1087 3303 1164 3353 oculis
1177 3303 1286 3365 credidit,
1306 3303 1372 3366 quod
1384 3303 1500 3357 efficeret.

466 3387 480 3434 9
500 3384 651 3437 ΡΙιιι.Ι)αιιι.
671 3403 692 3440 c.
713 3389 743 3440 5:
771 3373 911 3455 ’Ἕρμιππος
933 3379 958 3436 δὲ
979 3389 1055 3453 φησιν
1077 3374 1224 3444 discutimur
1241 3376 1411 3456 ὑπομνήμασιν
1434 3386 1500 3438 ἐντυ-

499 3471 567 3539 χεῖν,
590 3467 614 3518 Ιν
637 3464 673 3528 οἷς
695 3468 824 3538 ὒγέμραπτο
844 3460 886 3520 τδν
903 3467 1070 3536 Δημοσθένην
1094 3467 1306 3541 συνεσχολακέναι
1324 3462 1444 3524 Πλάτωνι
1461 3470 1501 3523 καὶ

500 3553 620 3604 πλεῖστον
639 3554 673 3613 εἰς
690 3543 746 3613 roris
762 3543 854 3623 λα’μους
871 3545 1033 3621 ὠφελῆσθαι.

449 3638 481 3686 10
499 3636 672 3703 LaertDiog.
698 3640 722 3690 11
743 3642 783 3704 10,
809 3641 873 3690 1082
901 3637 957 3706 περὶ
980 3627 1065 3689 sericeo
1085 3638 1133 3706 (de
1155 3638 1291 3706 Eubulide)
1317 3635 1383 3706 φησί
1400 3659 1436 3701 τις
1455 3634 1501 3692 riis

416 3742 419 3746 “
499 3713 618 3790 reparcis·
637 3710 794 3790 ιΟὖῇιστικδς
812 3719 838 3774 δ’
852 3717 1009 3786 Εὖβονλῖδης
1026 3718 1150 3791 κερατίνας
1167 3716 1256 3791 &porois
1273 3724 1276 3792 Ι
1292 3713 1500 3791 retardareti-

500 3823 540 3855 σιν
558 3792 644 3874 inipetu
662 3793 717 3865 'roric
733 3795 836 3878 μήτορας
847 3803 935 3857 κυλίων
951 3805 956 3874 Ι
972 3798 1075 3871 ἀπῆλθ’
1105 3805 1169 3881 ipos
1191 3807 1368 3876 Δημοσθένους
1391 3794 1434 3872 την
1451 3800 1499 3878 ρ’ω-
1581 3837 1582 3840 =

500 3885 719 3957 ποπιριιερήθριιν.’
755 3879 821 3957 icisse
839 3878 885 3959 yaip
908 3883 1035 3943 αὐτοῦκαὶ
1059 3889 1224 3963 Δημοσθένης
1246 3887 1369 3958 ιἰκηκοέναι
1391 3892 1430 3944 καὶ
1452 3884 1499 3967 ῥω-

501 3963 629 4040 πικιῖτερος
646 3961 675 4022 aiv
693 3962 853 4030 παύσασθαι.

515 4200 530 4251 2
548 4207 578 4252 ut
589 4217 622 4271 φ,
634 4200 677 4253 ubi
689 4218 706 4253 v
726 4200 730 4263 Ι
748 4204 954 4276 pulcritudinem
978 4204 988 4276 ll
1011 4209 1028 4259 4
1040 4206 1236 4264 comendabilem
1248 4207 1269 4260 F
1293 4207 1304 4278 ll
1329 4211 1393 4274 but]
1407 4216 1433 4261 ot
1442 4209 1558 4262 Bosacba

446 4332 455 4400 ΙΙ
476 4334 671 4389 ’illemostenan
683 4336 729 4406 Ep
748 4335 759 4406 ΙΙ
775 4338 907 4393 8caussas
919 4342 965 4412 Ep
981 4341 992 4411 ll
1009 4287 1222 4394 9morditiamtuiiill
1246 4339 1257 4410 ΙΙ
1283 4345 1314 4396 10
1326 4344 1469 4397 ausissotE
1490 4341 1500 4412 ss
1523 4345 1551 4396 ll

447 4470 626 4536 pronunciandi
638 4487 655 4521 v
676 4470 685 4538 ll
697 4473 728 4523 12
738 4476 943 4543 asseuerandarp
965 4471 976 4542 ΙΙ
1001 4476 1032 4526 13
1044 4475 1176 4543 rethorirp
1205 4474 1215 4545 ΙΙ
1244 4478 1275 4529 15
1289 4423 1464 4547 dippgarpptprpw’
1486 4479 1555 4531 diae·

447 4550 542 4603 rentiv
569 4549 579 4624 ΙΙ
609 4553 639 4603 19
651 4554 779 4619 proiectae
792 4554 915 4607 Pricaeus
941 4554 945 4622 Ι
971 4555 1100 4624 ymagines
1113 4556 1157 4629 up
1178 4556 1188 4628 ss
