3867 5559
478 708 537 768 104
712 710 726 778 χ
831 697 1254 755 t.lrvcs1ululvunns1s

332 791 347 830 1.
356 791 417 831 1231).
433 792 450 832 f.
459 791 508 831 aab.
1494 786 1538 826 Ed·
1553 787 1661 839 ΘΗΜ·

481 857 596 937 pietatis
611 862 722 929 auctor,
738 854 917 929 conciliator,
932 855 1045 917 fauisor
1058 871 1120 916 non
1134 852 1224 915 modo
1239 868 1318 914 noua
1338 853 1405 914 odia
1418 870 1481 917 non
1496 855 1587 928 serui,
1670 907 1677 914 .

481 958 532 1020 sed
547 965 647 1019 uetera
661 975 778 1036 quoque
792 956 925 1018 funditus
941 956 1108 1036 exstirpaui.
1139 955 1218 1017 suasi
1232 954 1317 1016 uxori
1331 973 1422 1030 meae,
1443 957 1527 1018 cuius
1543 991 1585 1001 —
1602 981 1660 1036 (soc)

480 1067 513 1122 ut
527 1060 576 1121 isti
596 1059 678 1120 aiunt
693 1058 807 1119 —iam
826 1057 979 1119 uniuersas
999 1076 1071 1137 opes
1090 1064 1321 1131 transuoraram,
1344 1057 1432 1131 suasi,
1452 1058 1586 1144 inquam,

481 1180 515 1222 ac
529 1161 653 1241 denique
668 1160 811 1240 persuasi,
826 1167 860 1221 ut
873 1159 939 1220 liliis
954 1158 1108 1239 pecuniam
1129 1176 1213 1220 suam
1233 1159 1464 1238 reposcentibus,
1486 1195 1530 1203 -
1550 1160 1587 1222 de

471 1249 540 1343 'quo
562 1281 652 1347 supra
671 1261 800 1323 dixeram
813 1297 871 1335 —,
897 1268 930 1323 ut
949 1279 1015 1322 eam
1034 1260 1188 1342 pecuniam
1208 1259 1271 1321 sine
1296 1278 1386 1321 mora·
1399 1261 1535 1322 redderet
1554 1261 1587 1323 in
1610 1274 1625 1323 5

480 1364 605 1446 praediis
621 1363 673 1424 uili
687 1363 846 1424 aestimatis
861 1369 889 1424 et
904 1370 1013 1443 quanto
1028 1363 1085 1442 ipsi
1100 1361 1247 1436 uolebant,
1267 1367 1416 1441 praeterea
1434 1382 1469 1424 cx
1488 1382 1521 1424 re
1540 1363 1588 1425 la·
1623 1348 1627 1355 ⁵

370 1484 373 1489 ·
481 1466 585 1527 miliari
600 1483 654 1527 sua
667 1465 921 1527 fructuosissimos
936 1484 1023 1545 agros
1039 1473 1068 1527 et
1082 1464 1222 1544 grandem
1237 1463 1361 1525 domum
1376 1464 1514 1544 opulente
1535 1483 1588 1527 or-

480 1576 579 1630 natam
590 1585 785 1647 magnamque
799 1567 861 1629 uim
875 1567 963 1629 tritici
979 1574 1007 1628 et
1021 1567 1124 1629 hordei
1143 1573 1173 1626 et
1192 1564 1254 1626 uini
1268 1570 1297 1625 et
1317 1565 1389 1626 oliui
1403 1573 1587 1628 ceterorum-

481 1689 538 1750 que
552 1670 719 1732 lructuum:
740 1687 844 1731 seruos
865 1688 982 1749 quoque
1002 1669 1080 1730 haud
1101 1668 1199 1729 minus
1222 1666 1459 1746 quadringentos,
1480 1687 1588 1759 pecora

481 1772 606 1853 amplius
620 1789 715 1851 neque
730 1788 821 1850 pauca
840 1788 935 1850 neque
956 1770 1058 1832 abiecti
1072 1769 1158 1851 pretii
1173 1769 1305 1843 donaret,
1324 1775 1357 1829 ut
1377 1788 1429 1831 eos
1450 1777 1479 1831 ct
1498 1790 1534 1832 ex
1553 1790 1587 1831 ea
1611 1780 1642 1833 10

480 1879 563 1954 parte
578 1890 666 1951 quam
680 1871 831 1933 tribuisset
845 1890 966 1934 securos
980 1871 1100 1934 haberet
1114 1878 1144 1933 et
1158 1871 1193 1933 ad
1209 1876 1305 1959 cetera
1324 1871 1493 1953 hereditatis
1507 1872 1588 1936 bona

483 1993 536 2054 spe
551 1974 696 2035 inuitaret.
726 1975 798 2034 hacc
812 1992 866 2052 ego
882 1974 917 2034 ab
932 1973 1024 2036 inuita
1038 1973 1201 2036 Pudentilla
1219 2007 1262 2018 -
1282 1972 1409 2052 patietur
1428 1973 1508 2035 enim
1527 1993 1587 2048 me,

480 2076 523 2138 uti
537 2094 584 2137 res
598 2076 663 2149 luit,
684 2071 688 2158 Ι
707 2075 747 2136 ita
761 2075 857 2137 dicere
871 2111 914 2120 —-
927 2094 1012 2155 aegre
1027 2076 1134 2151 extudi,
1149 2075 1316 2154 ingentibus
1328 2075 1463 2156 precibus
1475 2075 1584 2138 inuitae
1600 2100 1658 2154 (scr)

482 2184 512 2237 et
525 2177 614 2239 iratae
628 2176 746 2250 extorsi,
765 2182 890 2237 matrem
912 2176 978 2238 filiis
997 2176 1191 2252 reconciliaui,
1211 2177 1364 2257 priuignos
1384 2196 1468 2240 meos
1488 2177 1588 2258 primo

484 2280 542 2339 hoc
557 2277 652 2340 uitrici
665 2277 818 2352 beneficio,
834 2278 935 2357 grandi
950 2279 1075 2358 pecunia
1089 2279 1164 2341 auxi.
1452 2321 1454 2325 ψ
1528 2322 1531 2329 ·
1610 2298 1642 2349 15

305 2386 475 2440 Lxxxxllll
572 2380 728 2459 Cognitum
747 2381 805 2440 hoc
824 2385 869 2440 est
883 2387 945 2442 tota
959 2379 1084 2443 ciuitate.
1110 2381 1250 2442 Rufinum
1272 2398 1376 2442 omnes
1395 2380 1519 2442 execrati
1534 2400 1588 2464 me

482 2483 616 2545 laudibus
631 2483 733 2543 tulere.
763 2489 884 2543 uenerat
902 2481 938 2544 ad
958 2500 1024 2557 nos,
1044 2483 1216 2563 priusquam
1230 2481 1288 2544 isto
1307 2481 1497 2544 donationem
1516 2501 1586 2564 per-

374 2628 378 2635 ·
481 2586 590 2658 ficeret,
606 2602 674 2644 cum
689 2583 824 2644 dissimili
837 2584 894 2644 isto
909 2584 999 2647 fratre
1014 2605 1068 2648 suo
1083 2585 1261 2646 Pontianus:
1282 2585 1372 2665 pedes
1392 2589 1512 2646 nostros
1533 2586 1587 2647 ad-

481 2688 602 2749 uolutus
617 2685 734 2747 ueniam
758 2692 787 2746 et
807 2685 988 2748 obliuionem
1012 2687 1238 2768 praeteritorum
1259 2686 1393 2748 omnium
1413 2687 1585 2766 postularat,

481 2789 554 2850 flens
569 2795 598 2849 et
612 2805 718 2849 manus
733 2792 850 2849 nostras
865 2787 1083 2851 osculabundus
1098 2808 1131 2850 ac
1143 2789 1242 2850 dicens
1253 2788 1412 2869 poenitere,
1429 2789 1509 2868 quod
1523 2789 1586 2850 nu·
1608 2805 1641 2856 20

480 2891 539 2951 fino
555 2897 584 2950 et
598 2889 741 2951 similibus
756 2890 933 2952 auscultarit.
959 2892 1032 2970 petit
1045 2879 1149 2972 postea
1163 2891 1342 2971 suppliciter,
1352 2891 1397 2952 uti
1411 2886 1585 2953 sabelliano

481 3009 598 3072 quoque
616 2990 703 3051 Auito
725 2991 756 3052 C.
777 2991 809 3051 V.
829 3009 963 3071 purgem,
989 2993 1036 3055 cui
1056 2995 1135 3056 haud
1155 2993 1269 3073 pridem
1287 2993 1422 3055 tirocinio
1445 2992 1586 3055 orationis

378 3123 394 3161 c
406 3122 465 3161 tata.
480 3112 550 3156 suae
564 3093 659 3154 fuerat
674 3088 686 3176 ΙΙ
702 3111 718 3153 a
732 3111 780 3154 me
795 3094 1032 3158 commendatus:
1054 3096 1162 3177 quippe
1176 3102 1368 3176 compererat,
1389 3100 1455 3155 ante
1475 3112 1586 3176 paucos

480 3195 542 3260 dies
557 3193 657 3256 omnia
671 3213 719 3256 me
733 3201 767 3256 ut
781 3202 845 3257 acta
859 3203 942 3257 erant
957 3196 993 3258 ad
1005 3215 1073 3258 cum
1084 3197 1300 3279 perscripsisse.
1330 3196 1359 3258 id
1375 3215 1492 3276 quoque
1506 3214 1523 3257 a
1538 3216 1587 3261 me

549 3553 561 3602 1
575 3560 650 3604 sutor
662 3567 679 3602 v
705 3550 709 3615 Ι
735 3550 833 3603 fauisor
844 3551 922 3621 Fch,
934 3551 1049 3605 lauissor‘
1059 3570 1082 3611 ςε
1094 3552 1189 3619 fautor,
1202 3569 1293 3606 suasor
1304 3553 1479 3617 Cordubenses,
1492 3550 1586 3605 leuiter

479 3634 584 3702 Lipsius
610 3631 615 3700 Ι
647 3632 718 3690 torui
729 3632 759 3697 F,
777 3632 842 3682 serui
854 3650 907 3702 ‹pvs
921 3634 975 3684 seui
988 3633 1191 3686 Elmonborattus
1215 3633 1225 3703 ΙΙ
1253 3633 1442 3699 lextirpauir
1470 3632 1480 3702 l
1503 3635 1586 3686 loca

480 3715 511 3764 dc
527 3728 576 3780 qua
592 3707 669 3780 supro
686 3714 739 3764 dixi
759 3715 807 3764 iam
824 3713 999 3778 casaubonus,
1021 3716 1052 3766 do
1069 3732 1117 3783 quo
1135 3731 1211 3783 supra
1227 3716 1276 3767 iam
1293 3714 1345 3765 diri
1361 3712 1486 3782 Scaliger:
1508 3719 1587 3768 eorda

478 3796 634 3862 glossatoris
651 3811 708 3846 aare
724 3795 1010 3862 cmptcoturPr-ieacus
1034 3795 1044 3864 ΙΙ
1069 3796 1214 3863 tlprpdisll
1241 3794 1246 3862 Ι
1277 3792 1468 3863 uiliaeltrmacql
1477 3797 1507 3860 F,
1525 3797 1587 3848 uilis

480 3877 601 3927 estimatis
613 3894 644 3944 φ,
657 3877 703 3926 uili
715 3876 854 3927 aestimatis
866 3891 895 3926 vt
908 3875 955 3926 uili
966 3876 1100 3928 aestimata
1114 3877 1253 3929 Wowcrus
1280 3874 1284 3942 Ι
1316 3890 1345 3925 re
1358 3893 1379 3940 ς,
1397 3876 1421 3926 le
1434 3876 1503 3944 rpv
1531 3875 1545 3944 l
1570 3878 1586 3928 8

481 3957 551 4007 ordei
563 3956 633 4023 FpV
659 3956 663 4022 Ι
690 3958 767 4012 οΙοὶς
792 3955 798 4024 Ι
824 3964 1031 4023 caeterorumque
1044 3973 1061 4008 v
1092 3955 1102 4025 ΙΙ
1136 3957 1248 4009 9CCCC
1260 3957 1330 4025 1¹¹ch
1362 3954 1371 4024 ΙΙ
1401 3957 1432 4008 10
1449 3957 1558 4023 preciiv
1582 3954 1587 4025 Ι

480 4040 578 4087 etanta
590 4052 621 4086 ex
635 4053 720 4105 cnsp
745 4037 755 4104 ΙΙ
779 4039 808 4089 11
826 4046 899 4105 parte
918 4039 1006 4092 camb*
1041 4038 1045 4106 Ι
1081 4038 1386 4090 caeternbsereditatisv
1419 4033 1429 4104 ΙΙ
1462 4038 1493 4088 12
1506 4053 1550 4103 spe
1564 4054 1586 4102 ς,

480 4117 534 4184 spei
546 4115 616 4185 1¹¹ch
642 4113 647 4184 Ι
674 4117 780 4181 egon,
794 4133 890 4187 ergcp
917 4117 928 4189 Ι
954 4119 985 4169 13
998 4120 1086 4170 ertudi
1097 4119 1127 4186 V,
1146 4119 1238 4170 eraudi
1255 4118 1309 4188 Fp,
1327 4118 1486 4174 exauditusc
1516 4118 1521 4185 Ι
1547 4118 1587 4168 in-

479 4199 532 4249 uite
545 4206 571 4249 et
582 4198 681 4262 ingrate
693 4195 895 4266 Stcwcebiusll
928 4200 959 4250 15
972 4196 1079 4252 uitri'cus
1094 4200 1259 4253 Carantonus
1291 4197 1301 4269 Ι
1335 4199 1493 4250 lberecrati
1510 4197 1585 4267 Fcpv:

480 4271 748 4343 exsecrari,-tollcre
760 4277 896 4349 Scioppius
920 4279 930 4348 Ι
955 4281 987 4331 17
1003 4280 1053 4332 ista
1065 4267 1270 4334 Htldcbrctrdius:
1289 4280 1364 4332 istam
1376 4280 1439 4348 va
1469 4275 1489 4345 l
1505 4287 1588 4331 mater

479 4364 539 4410 orote
550 4360 687 4426 perliceret
698 4359 757 4412 add.
770 4376 783 4417 ς
806 4359 816 4429 Ι
841 4361 872 4412 18
884 4369 913 4413 nt
925 4377 981 4413 cum
994 4361 1109 4413 dissimili
1122 4380 1135 4419 ς
1165 4361 1170 4430 Ι
1201 4368 1258 4413 anto
1276 4363 1354 4427 pedes
1373 4378 1385 4419 ς
1408 4357 1425 4427 Ι
1448 4359 1480 4410 19
1494 4369 1586 4426 postu-

479 4440 547 4491 laret
567 4440 645 4509 nov,
666 4442 779 4508 postulat
801 4460 814 4499 ς
844 4441 854 4510 Ι
886 4443 918 4494 22
943 4442 1064 4494 orationis
1085 4442 1163 4511 va,
1187 4442 1352 4510 profectionis
1374 4460 1398 4500 ςι
1419 4439 1586 4510 professionis

480 4520 584 4590 Lipsius
608 4518 618 4589 ΙΙ
642 4523 674 4573 24
686 4523 866 4591 proscripsisse
879 4524 908 4590 F,
920 4522 1080 4592 psci-ipsisse
1094 4541 1124 4593 φ,
1137 4523 1317 4591 perscripsisse
1329 4540 1346 4574 v
1370 4523 1380 4594 ΙΙ
