3867 5559
450 713 492 776 35
787 708 816 761 n.
835 706 1212 764 srvnnruamvnnusrs

307 796 323 838 1.
331 797 391 838 1105.
405 797 423 837 i.
431 797 468 839 rb·
577 796 584 811 ⁸
1466 793 1510 834 nd.
1525 794 1630 837 ondens.

453 863 618 928 incredibili
629 861 754 946 quadam
768 863 800 925 ui
814 864 1013 927 cantaminum
1028 865 1143 946 polleat,
1160 862 1268 944 oppido
1283 861 1385 937 miror,
1402 880 1455 925 cur
1470 881 1557 924 accu-

454 982 519 1028 sare
533 984 595 1028 non
607 965 760 1029 timuerint
774 981 862 1046 quern
876 985 965 1047 posse
984 973 1099 1029 tantum
1117 965 1254 1029 fatentur.
1284 982 1379 1045 neque
1398 965 1477 1035 enirn
1497 970 1558 1026 tam

455 1053 1090 1150 5555515555(11515555555515555551555555
1109 1068 1209 1130 itidem
1228 1074 1262 1130 ut
1280 1075 1382 1129 cetera.
1421 1067 1558 1130 sicarium

454 1170 504 1250 qui
522 1170 554 1232 in
572 1169 712 1233 iudicium
733 1177 830 1246 uocat,
851 1171 1007 1233 comitatus
1027 1171 1122 1233 uenit:
1152 1170 1201 1251 qui
1222 1169 1414 1232 uenenarium
1434 1175 1559 1244 accusat,

453 1272 656 1354 scrupulosius
676 1272 805 1337 cibatur:
835 1273 884 1355 qui
906 1274 1001 1337 furem
1022 1272 1130 1354 argirit,
1150 1291 1204 1336 sua
1228 1272 1364 1335 custodit.
1407 1272 1558 1334 enimuero
1580 1283 1595 1332 5

454 1373 504 1455 qui
526 1392 645 1454 magum
671 1376 785 1457 qualem
810 1375 857 1436 isti
882 1375 984 1437 dicunt
1008 1376 1038 1437 in
1061 1374 1218 1438 discrimen
1233 1373 1335 1455 capitis
1351 1373 1476 1449 deducit,
1493 1374 1559 1454 qui-

452 1476 509 1539 bus
524 1476 691 1552 comitibus,
708 1476 815 1557 quibus
832 1479 988 1559 scrupulis,
1005 1477 1111 1557 quibus
1128 1476 1300 1538 custodibus
1314 1476 1472 1557 perniciem
1492 1495 1559 1537 cae·

453 1597 517 1642 cam
532 1587 561 1641 et
574 1579 771 1642 ineuitabilem
785 1577 960 1662 probibeat?
980 1579 1068 1642 nullis
1083 1579 1204 1642 scilicet:
1225 1585 1255 1643 et
1268 1579 1334 1641 ideo
1349 1578 1379 1641 id
1394 1595 1485 1659 genus
1500 1579 1560 1641 cri·

453 1699 523 1745 men
537 1688 658 1744 nonest
673 1681 735 1745 eius
750 1701 886 1745 accusare
901 1682 951 1763 qui
965 1681 1065 1744 credit.

337 1795 436 1851 xxvii
538 1784 648 1847 Verum
660 1785 732 1847 baec
744 1785 838 1849 ferme
852 1785 1005 1848 communi
1019 1783 1147 1864 quodam
1159 1801 1258 1847 errore
1269 1783 1475 1864 imperitorum
1489 1783 1557 1864 phi·
1571 1759 1629 1878 (133)

453 1885 586 1967 losopbis
601 1885 792 1962 oblectantur,
807 1893 841 1951 ut
854 1887 962 1968 partim
977 1904 1081 1950 eorum
1097 1886 1146 1966 qui
1161 1903 1322 1966 corporum
1344 1903 1447 1948 causas
1462 1904 1559 1948 meras

453 1993 482 2049 et
496 1987 644 2069 simplices
658 1989 803 2052 rimantur
816 1988 996 2070 irreligiosos
1010 1995 1115 2069 putent
1129 2007 1222 2069 eoque
1237 1987 1314 2050 aiant
1334 1987 1406 2050 deos
1421 1987 1558 2062 abnuere,

452 2095 487 2153 ut
510 2086 719 2174 dnalxagoram
744 2098 773 2152 et
791 2091 974 2172 Leucippum
996 2096 1025 2152 et
1045 2090 1246 2153 Democritum
1272 2096 1301 2151 et
1324 2088 1483 2169 Epicurum
1510 2107 1573 2153 ce··

452 2197 590 2272 terosque
605 2211 704 2256 rerum
718 2199 839 2256 naturae
854 2199 1011 2275 patronos:
1026 2192 1134 2273 partim
1148 2199 1255 2267 autem,
1278 2191 1327 2273 qui
1342 2191 1558 2272 prouidentiam

453 2293 556 2357 mundi
574 2284 718 2358 curiosius
737 2295 882 2376 uestigant
902 2302 931 2359 et
948 2295 1112 2377 impensius
1135 2295 1206 2357 deos
1227 2293 1386 2367 celebrant,
1413 2313 1464 2356 eos
1484 2312 1556 2357 uero
1579 2311 1611 2363 15

427 2428 430 2433 ·
452 2395 542 2476 uulgo
557 2414 660 2477 magos
674 2398 838 2474 nominent,
855 2398 938 2478 quasi
951 2398 1047 2460 facere
1063 2397 1150 2459 etiam
1165 2396 1258 2458 sciant
1277 2414 1350 2476 quae
1370 2396 1464 2458 sciant
1484 2396 1557 2470 lieri,

452 2504 487 2561 ut
506 2499 577 2562 olim
597 2499 680 2562 fuere
700 2499 888 2580 Epimenides
912 2507 941 2561 et
962 2500 1098 2582 Orpbeus
1123 2507 1153 2560 et
1171 2499 1350 2581 Pythagoras
1370 2505 1399 2559 et
1424 2498 1557 2560 Ostanes.
1609 2536 1614 2544 -

453 2618 487 2663 ac
510 2599 578 2663 dein
599 2599 731 2662 similiter
751 2608 916 2682 suspectata
934 2601 1104 2685 Empedocli
1125 2592 1310 2684 καθαρμοὶ,
1332 2601 1460 2663 Socratis
1481 2596 1559 2662 dcc-

360 2745 362 2749 <
451 2695 576 2782 μόνιον,
590 2702 720 2765 Platonis
734 2698 773 2766 τὸ
796 2697 934 2785 ἀγαθόν.
962 2704 1096 2791 gratidor
1108 2704 1197 2786 igitur
1211 2703 1293 2778 mihi,
1315 2721 1383 2765 curn
1398 2709 1427 2764 et
1442 2721 1495 2782 ego
1509 2707 1555 2764 tot
1570 2728 1630 2784 (ur)

453 2805 676 2867 actantisuiris
691 2806 873 2870 adnumeres.
1578 2817 1614 2868 20

538 2905 673 2968 Ceterum
689 2925 722 2968 ea
737 2926 811 2988 quae
826 2908 861 2969 ab
875 2909 932 2970 illis
947 2909 984 2970 ad
1000 2909 1215 2971 ostendendum
1229 2910 1342 2971 crimen
1356 2906 1468 2969 obiecta
1487 2913 1557 2968 sunt

452 3025 529 3074 uana
546 3013 576 3070 et
597 3007 696 3090 inepta
720 3010 888 3085 simulacra,
909 3029 1025 3087 uereor,
1047 3029 1084 3073 ne
1098 3011 1164 3073 ideo
1185 3018 1301 3074 tantum
1319 3009 1442 3072 crimina
1461 3014 1557 3088 putes,

453 3110 532 3191 qtrod
552 3110 665 3173 obiecta
683 3119 761 3175 sunt.
793 3103 877 3188 ‘cun'
896 3114 1003 3193 inquit,
1022 3105 1160 3194 ‘piscium
1180 3114 1323 3193 quaedam
1342 3129 1449 3193 genera
1468 3128 1558 3190 quae-

451 3213 515 3276 sisti
521 3204 550 3274 ‘i'
572 3213 655 3294 quasi
668 3212 697 3274 id
711 3214 885 3292 cognitionis
900 3215 992 3295 gratia
1001 3214 1177 3296 philosopho
1192 3215 1288 3278 facere
1297 3231 1360 3277 non
1369 3215 1462 3288 liceat,
1478 3213 1558 3293 quod

451 3306 602 3379 luxurioso
622 3315 706 3394 gulae
725 3334 813 3380 causa
832 3317 939 3380 liceret.
972 3305 1037 3379 ‘cur
1055 3318 1161 3396 mulier
1179 3319 1269 3380 libera
1289 3317 1342 3380 tibi
1365 3316 1466 3398 nupsit
1487 3320 1556 3395 post
1576 3325 1612 3378 25

452 3433 547 3480 annos
561 3417 700 3480 tredecim
715 3411 899 3481 uiduitatisl’
922 3419 1005 3499 quasi
1025 3436 1086 3480 non
1106 3420 1198 3499 magis
1217 3419 1386 3482 mirandum
1405 3419 1456 3492 sit,
1477 3416 1557 3498 quod

521 3584 690 3638 lincrcdibili
706 3585 885 3640 Cocondenue:
905 3586 1063 3638 incredibilis
1078 3587 1141 3656 Epv
1171 3585 1177 3656 Ι
1208 3588 1406 3657 ...tantinumrp
1437 3583 1448 3654 ll
1481 3585 1559 3636 255-

453 3675 609 3738 55555555
632 3664 643 3734 ΙΙ
667 3668 681 3717 3
695 3674 825 3720 caetorav
845 3665 856 3735 ΙΙ
876 3669 893 3719 4
907 3669 1036 3736 55515551
1047 3669 1208 3719 uenenarium
1217 3676 1321 3720 accusat
1332 3671 1359 3720 tn
1369 3687 1392 3738 φ
1401 3671 1561 3736 5555555555

451 3753 530 3802 aerbo
541 3748 714 3814 scrupulosius
731 3748 829 3799 cibatur
851 3747 862 3816 Ι]
886 3749 1013 3816 65551555
1024 3748 1233 3802 me'Stcwecbius
1256 3747 1267 3818 ΙΙ
1295 3750 1309 3799 7
1324 3748 1458 3815 scrupulis]
1477 3745 1557 3797 55551-

451 3829 539 3882 litibns
550 3827 707 3883 Stcaocclu'us
727 3829 738 3899 fl
762 3829 899 3884 8nulliss.
913 3846 941 3882 v:
955 3831 1032 3882 nullis
1045 3831 1245 3884 scilicctdclcuit
1258 3827 1403 3883 Groslotius
1427 3826 1437 3896 ΙΙ
1468 3828 1557 3878 11555
1633 3850 1654 3892 d

451 3908 556 3977 laberius
571 3907 576 3976 Ι
591 3914 732 3977 corporum]
745 3927 830 3963 rernm
838 3912 878 3964 551
888 3913 993 3963 deorum
1003 3912 1103 3965 Colotes
1115 3911 1125 3981 Ι]
1139 3913 1171 3964 12
1181 3912 1301 3978 simplicis
1312 3927 1330 3964 v
1345 3911 1349 3980 Ι
1364 3911 1452 3963 maltro
1463 3915 1557 3977 eosque
1633 3921 1645 3937 ·

450 3986 462 4058 ss
490 3989 522 4042 13
538 3996 733 4058 555555555555
763 3990 774 4061 ΙΙ
799 3991 1308 4061 1555555155]5555551511515515511
1326 3991 1558 4058 rupitnegorasp
1607 4006 1616 4036 ,·

449 4122 459 4192 ΙΙ
474 4125 506 4178 18
518 4125 606 4178 debinc
617 4140 634 4176 v
648 4122 654 4191 1
673 4133 817 4192 suspectata
829 4127 861 4179 e'.
874 4075 974 4194 ppppprlri
985 4128 1129 4180 5551555555
1142 4128 1195 4197 ro,
1213 4134 1332 4194 55555555
1342 4133 1383 4176 555
1395 4124 1495 4190 pedocli
1507 4123 1557 4176 Gu-

450 4206 563 4276 tborpcoe
575 4205 598 4259 V
621 4203 627 4273 Ι
649 4206 808 4274 Empedoclis
819 4207 940 4262 Floridue
959 4207 963 4276 Ι
984 4210 1097 4261 Socratis
1109 4208 1246 4260 Damonion
1257 4208 1311 4278 Euo,
1325 4205 1425 4258 Socrati
1435 4199 1556 4257 Demonid

451 4285 475 4338 V
498 4283 509 4354 ΙΙ
537 4287 569 4338 19
585 4286 686 4340 Platoni
706 4287 850 4341 Vulcanius
866 4278 883 4358 ’11
906 4290 939 4342 20
955 4291 1106 4342 adnumeres
1118 4291 1222 4358 scripsi:
1235 4289 1385 4339 adnumeres
1397 4286 1461 4354 va
1488 4283 1500 4354 ΙΙ
1523 4283 1569 4337 21

451 4385 482 4422 55
495 4385 543 4421 om.
556 4386 575 4422 v
589 4371 594 4438 Ι
613 4373 707 4425 crimen
718 4373 809 4425 51515515
824 4371 981 4428 Steweclcius
1004 4374 1014 4444 ΙΙ
1043 4375 1075 4426 22
1089 4373 1223 4442 simulacra
1235 4377 1338 4444 55515515
1352 4371 1474 4437 simplicia
1483 4369 1558 4440 Eipv,
1596 4403 1599 4413 ·

451 4459 478 4502 ct
489 4451 612 4518 simplicia
625 4469 648 4510 e:
669 4470 699 4505 55
715 4454 838 4523 simplicia
853 4455 1057 4521 Htldcbrands'us,
1077 4455 1169 4509 similis
1185 4454 1321 4526 Scioppius
1351 4453 1355 4519 Ι
1381 4453 1447 4506 bend
1459 4467 1555 4505 uereor

451 4530 577 4599 1555515511
600 4533 632 4584 25
637 4534 758 4600 sertam
769 4535 830 4587 licet
846 4532 857 4604 ll
873 4536 959 4588 265111
972 4536 1052 4606 EspV:
1066 4539 1255 4604 puutnordecim
1268 4536 1434 4616 0555515555
