3867 5559
804 737 973 793 APOLOGIA
1371 742 1431 804 107

263 831 306 872 u.
321 828 424 871 ordene.
1407 825 1424 866 t.
1433 825 1494 867 lttu.
1510 824 1585 869 tals.

331 896 393 958 lato
408 897 568 970 decretum,
582 895 695 957 utinam
706 902 749 968 tu,
763 893 877 967 Rufino,
893 911 1067 973 supremum
1082 893 1144 955 eius
1155 893 1295 955 iudicium
1305 911 1369 956 non
1378 893 1437 955 im-

332 995 479 1078 pedissesl
510 1015 582 1076 quas
597 997 670 1058 mihi
688 1001 739 1058 aut
758 1013 858 1056 coram
872 1000 923 1056 aut
940 993 1065 1074 denique
1084 994 1117 1055 in
1137 1000 1314 1057 testamento
1331 995 1437 1076 gratias

332 1095 452 1178 egisset!
466 1098 572 1163 ‚literas
586 1104 695 1171 tamen
711 1114 784 1176 quas
798 1095 834 1156 ad
848 1113 897 1156 me
912 1096 1084 1175 Carthagine
1099 1096 1146 1158 uel
1159 1096 1217 1158 iam
1229 1096 1388 1158 adueniens
1401 1115 1437 1158 ex

332 1200 434 1262 itinere
448 1199 608 1280 praemisit,
624 1217 695 1278 quas
710 1197 806 1259 adhue
819 1197 944 1270 ualidus,
960 1215 1032 1276 quas
1046 1197 1105 1259 iem
1120 1215 1206 1278 aeger
1224 1199 1325 1278 plenas
1339 1199 1437 1260 hono-

296 1320 312 1370 5
332 1301 384 1375 ris,
398 1300 500 1381 plenas
514 1299 633 1373 amoris,
648 1317 768 1379 quaese,
782 1298 915 1373 Maxime,
929 1298 1077 1379 paulisper
1091 1299 1204 1362 recitari
1215 1300 1304 1375 sinas,
1319 1306 1353 1362 ut
1367 1299 1439 1361 sciat

332 1402 509 1476 hetereius,
529 1407 682 1464 aecusator
696 1418 790 1474 meus,
812 1419 901 1480 quam
922 1400 976 1461 lin
990 1400 1128 1463 omnihus
1142 1402 1289 1465 Mineruae
1304 1401 1437 1464 curricu-

261 1526 319 1580 (su)
333 1504 416 1565 lum¹
437 1503 608 1565 cumfratre
624 1507 762 1582 optumae
775 1501 936 1563 memoriae
948 1501 1014 1565 uiro
1029 1507 1135 1565 currat.

415 1755 567 1818 Audistine
578 1754 730 1830 uoceh1da‚
746 1773 819 1835 quae
833 1753 906 1816 mihi
916 1754 1079 1818 Pontianus
1092 1755 1183 1818 frater
1196 1763 1267 1818 tuus
1280 1756 1434 1846 tribuebat,
1444 1763 1617 1819 Lxxxxvll

332 1878 380 1921 me
394 1863 546 1939 parentem
560 1856 658 1931 suum,
674 1875 722 1918 me
734 1856 898 1932 dominum,
913 1876 961 1918 me
972 1857 1146 1938 magistrum
1160 1853 1174 1944 [1
1189 1878 1257 1921 cum
1268 1878 1354 1940 saepe
1366 1859 1435 1922 alias
1449 1883 1536 1922 crue.

279 1975 310 2025 10
331 1967 396 2021 tum
409 1959 441 2020 in
454 1965 585 2021 extreme
600 1965 735 2039 tempore
748 1958 825 2019 uitae
839 1954 975 2019 uocans?
996 1978 1116 2039 possem
1134 1966 1200 2022 tuas
1221 1979 1338 2040 queque
1356 1961 1434 2042 paris

331 2061 469 2143 epistulas
481 2076 626 2140 promere,
641 2067 669 2121 ct
680 2077 859 2139 premerem,
879 2059 905 2120 si
918 2060 967 2121 uel
982 2059 1115 2140 exiguam
1129 2080 1245 2124 meram
1261 2063 1335 2124 tanti
1348 2069 1435 2144 puta-

331 2182 409 2225 rem:
424 2161 523 2243 potius
537 2168 746 2223 testamentum
760 2160 831 2223 illud
845 2179 949 2224 reeens
963 2162 1007 2224 tui
1021 2163 1119 2225 fratris
1135 2181 1313 2243 quamquam
1323 2163 1435 2244 imper-

330 2264 450 2349 fectum,
465 2269 564 2324 tarum
577 2261 705 2342 preferri
718 2281 866 2343 cuperem,
887 2263 917 2323 in
938 2281 997 2344 quo
1018 2264 1077 2326 mei
1098 2265 1312 2328 officiosissime
1331 2271 1360 2326 et
1376 2264 1435 2326 ho·

331 2365 497 2427 nestissime
525 2364 668 2425 meminit.
717 2365 797 2445 quod
824 2371 924 2426 tamen
951 2371 1160 2428 testamentum
1188 2367 1312 2430 Rufinus
1329 2364 1436 2448 'neque

260 2447 318 2566 (ἐξ)
332 2466 495 2548 comparari
521 2484 616 2546 neque
640 2466 741 2546 perfici
765 2484 871 2547 passus
896 2473 942 2528 est
965 2467 1079 2547 pudore
1104 2468 1233 2551 perditae
1257 2468 1435 2544 hereditatis,

331 2587 419 2651 quam
433 2586 596 2649 paucerum
610 2567 758 2630 mensium
781 2567 887 2648 quibus
907 2587 993 2631 socer
1012 2569 1148 2631 Pontiani
1166 2569 1223 2632 fuit
1240 2588 1348 2651 magno
1370 2570 1451 2651 qui?

331 2672 399 2732 dem
412 2669 507 2752 pretio
522 2670 655 2731 noctium
670 2675 863 2750 computarat.
892 2677 1042 2750 praeterea
1061 2672 1161 2733 nescio
1181 2691 1256 2752 quos
1276 2672 1435 2734 Chaldaeos

289 2785 291 2789 ’
331 2772 527 2845 consuluerat,
543 2789 602 2850 quo
617 2771 698 2833 lucre
714 2771 804 2832 filiam
818 2771 982 2847 collocaret,
998 2773 1058 2852 qui,
1072 2780 1106 2834 ut
1120 2772 1217 2849 audio,
1232 2774 1344 2836 utinum
1363 2773 1435 2835 illud

330 2892 392 2937 non
405 2892 476 2936 uere
490 2872 722 2954 respondissent,
737 2871 867 2952 primum
887 2874 950 2935 eius
964 2875 1104 2937 maritum
1123 2875 1155 2936 in
1168 2875 1269 2958 paucis
1283 2875 1436 2940 mensibus

278 2991 311 3042 20
332 2975 526 3038 meriturum:
550 2981 645 3036 cetera
659 2974 738 3037 enim
753 2975 789 3036 de
803 2975 973 3052 hereditate,
993 2985 1027 3039 ut
1041 2977 1183 3053 adsolent,
1205 2977 1241 3039 ad
1256 2978 1435 3040 considentis

331 3084 437 3141 uotum
452 3077 666 3139 confinxerunt.
696 3095 812 3152 uerum,
827 3085 861 3139 ut
875 3078 914 3140 dii
931 3079 1062 3154 uoluere,
1084 3079 1168 3159 quasi
1191 3097 1276 3142 caeca
1293 3079 1386 3142 bestia
1404 3079 1436 3140 in

331 3198 449 3244 cassum
462 3178 564 3242 hiauit.
593 3178 755 3241 Pontianus
770 3179 849 3242 enim
863 3181 952 3242 filiam
966 3179 1065 3242 Rufini
1084 3182 1157 3244 mali
1173 3187 1355 3262 compertam
1373 3197 1436 3243 non

331 3283 421 3346 modo
436 3281 576 3344 heredem
590 3297 652 3342 non
665 3279 791 3360 reliquit,
807 3281 859 3343 sed
873 3298 911 3343 ne
924 3283 1051 3346 honeste
1071 3283 1189 3364 quidem
1210 3285 1303 3365 legate
1323 3283 1435 3365 imper:

401 3452 417 3502 ³
428 3450 530 3503 litteras
541 3447 581 3501 Fv‘
598 3445 605 3516 Ι
618 3446 794 3513 Carthaginem
805 3445 836 3513 F,
848 3446 1033 3514 Carthagirdv
1048 3448 1060 3518 l
1075 3450 1092 3501 4
1104 3450 1223 3521 pnisitp
1239 3449 1250 3521 l
1267 3450 1328 3520 dpl.
1341 3450 1435 3503 amoris

331 3534 434 3603 scripsit
444 3532 550 3583 Iahnius
572 3528 583 3598 l
607 3529 711 3597 dquam
725 3529 751 3580 in
768 3530 881 3581 omnihus
893 3530 1022 3582 llincruae
1039 3530 1201 3598 curriculum]
1213 3535 1292 3584 ucrlu
1302 3535 1435 3601 corrupta:

331 3631 404 3685 emm
420 3611 537 3665 infaustis
549 3612 671 3664 ominibus
683 3611 718 3663 Μ.
731 3627 753 3664 c.
765 3609 930 3677 Secutum,
946 3627 1019 3679 qum
1033 3611 1059 3662 in
1075 3612 1188 3664 omnihus
1204 3613 1333 3664 diuersum
1349 3629 1371 3664 c.
1386 3611 1435 3664 ca-

331 3698 476 3759 saubonus,
497 3708 569 3762 quam
589 3694 615 3744 in
631 3693 746 3745 omnihus
761 3693 863 3743 diuerso
879 3708 903 3743 e.
921 3690 1061 3758 Gruterus,
1082 3693 1197 3760 quanin
1214 3694 1328 3745 omnihus
1344 3693 1434 3759 minor,

331 3779 433 3831 uiuere.
446 3775 600 3845 Lenem,
613 3790 685 3843 quam
696 3775 723 3825 in
735 3773 847 3825 omnihus
859 3773 939 3840 impar
949 3773 990 3825 uel
1000 3772 1127 3824 inenormc
1138 3773 1242 3843 Lipsius
1264 3773 1275 3843 fl
1299 3777 1313 3826 7
1326 3774 1435 3840 optimae

331 3861 385 3929 Γφ,
402 3865 517 3924 optumas
529 3857 554 3910 V
579 3856 584 3924 l
610 3857 650 3907 uir
662 3861 781 3908 occurrat
792 3854 870 3925 rev,
881 3853 938 3905 uiro
951 3861 1040 3906 currat
1051 3870 1075 3911 c:
1093 3854 1150 3905 uiro
1163 3863 1283 3908 occurrat
1292 3854 1436 3907 Beroaldus

329 3940 334 4008 Ι
355 3944 419 4010 post
433 3944 521 3990 currat
536 3937 613 4003 uulgo
625 3935 725 3987 adducat
734 3933 851 3987 Pontiani
863 3934 953 3986 literae
979 3934 990 4006 fl
1014 3936 1029 3987 8
1041 3935 1170 3988 tribuebat
1181 3937 1297 3990 Iahnius:
1309 3938 1435 3989 trihumat
1480 3968 1481 3972 κ

330 4023 394 4092 Frpv
416 4019 427 4089 l
452 4021 484 4071 10
495 4032 595 4086 possem
607 4017 658 4088 Fut,
672 4023 803 4083 postquam
815 4017 849 4070 V:
865 4025 924 4083 post
936 4018 1032 4083 quirem
1043 4018 1236 4070 Hildebruedtus
1259 4017 1269 4088 ll
1295 4020 1324 4072 11
1339 4021 1434 4088 episte-

330 4102 370 4154 las
386 4100 450 4171 Frpv
475 4098 481 4166 1
506 4113 631 4166 promere,
644 4104 671 4149 et
682 4112 823 4164 premerem
833 4101 938 4169 scripsi:
950 4113 1091 4166 promerem
1100 4099 1178 4170 rev,
1190 4114 1306 4168 promere
1323 4117 1337 4159 ς
1363 4099 1374 4168 ss
1403 4101 1434 4153 12

331 4193 469 4251 perquam
480 4197 497 4232 v
520 4178 531 4248 l
555 4180 587 4230 15
599 4178 740 4247 comparari
752 4194 777 4244 v,
794 4179 935 4245 comparari
946 4180 1004 4250 Fut:
1021 4194 1167 4246 comparere
1178 4179 1297 4250 Lipsius,
1314 4180 1435 4248 compleri

331 4263 496 4315 Caseudeuus
521 4259 527 4328 Ι
553 4260 628 4311 etiam
643 4262 739 4327 pudere
752 4276 775 4318 r:
793 4267 844 4310 tarn
861 4261 956 4328 pudore
973 4258 1128 4314 Steaeeeds'us
1151 4259 1162 4331 fl
1187 4262 1217 4312 17
1230 4262 1315 4328 precio
1327 4277 1344 4312 v
1367 4258 1378 4330 ΙΙ
1403 4261 1435 4314 19

330 4343 515 4410 responderunt
537 4343 661 4395 Pricaeus
689 4338 700 4409 [1
727 4341 760 4392 20
784 4347 886 4392 caetera
905 4357 923 4392 v
953 4338 958 4401 1
988 4340 1145 4394 haereditate
1164 4359 1182 4394 v
1213 4341 1217 4409 Ι
1248 4342 1402 4411 assolente
1426 4341 1435 4409 ll

330 4425 363 4478 22
375 4426 435 4477 muli
447 4425 625 4478 Omaudenus:
637 4423 702 4475 male
711 4423 785 4493 va:
796 4421 915 4475 maleficii
923 4421 963 4480 W
961 4437 1062 4477 ewsrus
1080 4421 1093 4495 Ι
1112 4424 1145 4477 23
1156 4422 1289 4475 haeredem
1301 4438 1319 4473 v
1344 4420 1348 4490 Ι
1371 4422 1432 4484 reli-
1536 4447 1542 4452 ,

362 4503 417 4556 (ras.

330 4561 385 4632 ut
419 4505 456 4613 ’u
479 4559 490 4634 t
