3867 5559
443 730 502 790 114
707 728 735 780 L.
753 728 876 786 arvus!
888 731 1124 785 MADAVRENSIS
1137 730 1304 784 arctoum

298 811 313 850 e.
323 809 385 852 rese.
399 810 474 853 sam.
1460 814 1502 854 ue.
1518 814 1628 855 essene.

446 878 567 960 sophiae
591 882 747 956 honorem,
776 884 826 962 qui
850 884 923 945 mihi
951 887 1044 950 salute
1069 902 1134 946 mea
1156 885 1304 963 antiquior
1326 890 1380 957 est,
1402 900 1550 962 nusquam
1567 901 1628 954 (ees)

446 980 553 1056 minui,
574 982 666 1044 immo
687 990 790 1046 contra
808 984 916 1065 ubique
938 987 962 1047 si
983 994 1172 1067 consaeptum
1187 987 1303 1067 penitus
1318 1003 1386 1046 eum
1406 983 1502 1046 tenui:
1526 984 1552 1044 si

445 1082 526 1157 haec,
550 1090 583 1145 ut
597 1083 672 1157 dico,
693 1085 732 1146 ita
747 1093 825 1159 sunt,
845 1083 850 1170 Ι
869 1106 994 1168 possum
1009 1107 1130 1150 securus
1145 1087 1389 1150 existimationem
1404 1093 1485 1148 tuam
1500 1103 1550 1148 re·
1566 1101 1626 1154 (604)

446 1185 541 1246 uereri
566 1203 654 1265 quam
679 1193 854 1266 potestatem
874 1190 979 1264 uereri,
1002 1192 1079 1270 quod
1109 1191 1207 1252 minus
1226 1206 1313 1267 gram
1333 1194 1362 1248 et
1385 1187 1549 1249 uerendum
1565 1202 1626 1254 (⁶⁰⁵)

447 1286 519 1348 mihi
540 1287 666 1349 arbitror
686 1306 703 1348 a
723 1293 899 1368 proconsule
919 1292 1059 1366 damnari,
1082 1309 1169 1370 quam
1190 1290 1214 1351 si
1231 1297 1321 1350 atam
1336 1289 1415 1350 bono
1431 1296 1551 1367 tamque
1574 1299 1589 1345 5

445 1389 600 1451 emendate
615 1390 681 1452 uiro
696 1390 856 1471 improber.

962 1595 1034 1656 Dixi.

514 1803 529 1852 2
542 1807 696 1865 cumseptum
712 1801 811 1866 penitus
828 1800 858 1864 F,
877 1809 1028 1867 eumseptem
1040 1801 1140 1866 penitus
1153 1818 1184 1868 φ,
1207 1800 1296 1850 sicum
1309 1806 1405 1864 septem
1417 1800 1505 1865 pennis
1516 1798 1550 1860 V,

446 1882 468 1932 si
480 1897 536 1932 eum
549 1889 643 1946 septem
655 1882 743 1947 poenis
756 1898 780 1939 ςι
799 1890 945 1947 conseptum
957 1883 1056 1949 penitus
1070 1881 1109 1934 W
1108 1897 1218 1944 emerus,
1236 1887 1371 1946 conseptus
1387 1879 1426 1930 cel
1441 1879 1548 1928 circum-

446 1969 533 2028 septus
544 1962 626 2027 pinnis
639 1960 747 2024 Celsius,
765 1961 957 2028 circumseptum
970 1963 1057 2028 pennis
1074 1962 1114 2013 aei
1124 1969 1223 2027 captum
1236 1961 1339 2010 suismet
1351 1960 1438 2024 pennis
1452 1958 1548 2009 Caecu-

445 2045 534 2104 lomer,
556 2041 690 2093 seeundum
708 2047 802 2089 sectum
822 2039 936 2091 Platonis
953 2041 1095 2105 sicilicum,
1117 2048 1264 2107 conceptum
1281 2055 1336 2089 eum
1357 2038 1474 2105 penerel
1493 2054 1549 2088 eum

446 2129 542 2188 septum
559 2121 693 2187 penissime
709 2118 748 2170 cel
763 2120 906 2185 plenissime
925 2121 1019 2184 (tenui)
1040 2119 1123 2189 Scipio
1143 2119 1261 2185 Gentilir,
1283 2137 1338 2171 cum
1355 2127 1451 2186 septem
1466 2119 1550 2184 pinnis

445 2202 603 2268 Fulgentes
623 2200 677 2252 cell.
699 2201 775 2251 schel.
797 2200 832 2252 ad
850 2199 962 2252 [cimai.
976 2199 1007 2251 ΙΙΙ
1021 2202 1077 2267 158,
1098 2202 1138 2266 (si)
1159 2202 1185 2251 in
1205 2203 1319 2266 incoepto
1341 2207 1366 2250 te
1387 2200 1549 2250 uanissimum

445 2282 544 2347 (tenui)
560 2279 714 2347 Scheglrius,
733 2280 815 2343 (imme
832 2288 920 2332 contra
933 2282 1032 2348 ubique)
1051 2290 1147 2334 sartum
1163 2291 1257 2334 tectum
1275 2280 1374 2332 Poenus
1393 2281 1456 2340 (eum
1469 2281 1549 2344 tenui)

445 2362 573 2430 Scaliger,
591 2368 737 2427 conseptum
750 2361 803 2411 suis
816 2361 863 2411 sibi
875 2363 963 2427 pennis
975 2362 1128 2431 Septimi,
1147 2369 1291 2427 conseptum
1305 2362 1385 2427 pinnis
1398 2360 1549 2422 Salmasius,

445 2450 591 2509 conseptum
603 2443 691 2509 pennis
703 2442 826 2504 Boneita,
844 2442 918 2494 sicuti
931 2451 1029 2509 septum
1041 2445 1127 2509 pennis
1140 2444 1248 2494 Zinkius
1259 2442 1275 2492 l.
1289 2442 1314 2492 d.
1331 2439 1341 2509 ΙΙ
1359 2443 1373 2492 3
1386 2443 1500 2492 securius
1514 2459 1527 2497 ς
1543 2441 1546 2508 Ι

445 2532 513 2575 tuam
525 2523 735 2574 existimationem
748 2539 761 2578 ς
777 2519 787 2588 ΙΙ
805 2523 911 2590 δαΕφ,
927 2524 990 2577 eeV
1006 2523 1009 2589 Ι
1025 2524 1176 2589 proconsule
1185 2522 1341 2574 Salmasius:
1354 2521 1548 2588 proconsulibus

447 2605 502 2674 Frp,
523 2603 652 2670 procosV
685 2599 695 2669 ΙΙ
728 2602 743 2651 6
763 2602 883 2667 improbe.
898 2604 925 2668 F,
943 2604 1070 2669 improber
1082 2620 1133 2673 ‹pvz
1155 2603 1312 2668 improbarer
1330 2601 1472 2654 Salmasius
1497 2601 1511 2668 ll
1533 2605 1546 2651 7

376 2738 380 2743 ,
446 2685 597 2753 dixiom.‹p
621 2681 631 2752 ss

510 2845 602 2911 Apulei
618 2844 742 2894 Platonici
759 2843 897 2895 Madauren
910 2846 974 2912 (sol.
992 2846 1073 2909 1260)
1087 2845 1118 2895 iis
1128 2843 1220 2896 Proice
1233 2846 1263 2895 de
1277 2845 1359 2909 Magia
1372 2846 1414 2895 lib.
1429 2845 1456 2895 ll.
1471 2845 1545 2910 Expl.

443 2925 497 2988 ligo
511 2925 634 2975 Seluitius
647 2923 775 2974 emendeui
787 2924 864 2985 Rome
878 2926 960 2977 Felix.
987 2926 1007 2975 F

511 3004 602 3071 Apulei
614 3003 788 3057 Madaurensis
804 3020 895 3069 prosae
914 3006 944 3055 ele
957 3006 1037 3068 megia
1058 3006 1120 3055 liber
1133 3006 1152 3055 ll
1166 3007 1232 3070 erpi.
1255 3006 1308 3068 Ego
1322 3005 1449 3056 Salustius
1462 3020 1546 3055 emen-

444 3085 501 3136 usui
514 3085 592 3135 Reme
604 3084 676 3137 felix.
702 3103 725 3153 φ

510 3165 580 3216 Finis
593 3165 664 3218 Lucii
676 3164 767 3230 Apulei
779 3165 926 3232 Apologiae.
947 3166 968 3219 V
