3867 5559
449 749 494 812 ge
797 746 825 797 n.
845 745 967 800 nrvrm
979 746 1214 800 nnonvnnnsrs

307 833 392 872 111211.
406 832 423 871 1.
432 832 481 873 1811.
1466 831 1510 873 md.
1526 833 1633 874 Oudend.

458 899 596 961 conuictu
610 897 704 979 probe
727 894 732 982 Ι
755 906 934 978 spectassem
953 907 985 961 et
1003 900 1149 962 uirtutem
1168 900 1231 962 eius
1251 899 1561 980 doteserplornseem,

457 1001 508 1063 sed
529 1007 631 1082 utpote
650 999 893 1081 peregrinationis
912 1000 1036 1082 cupiens
1054 1000 1296 1081 impedimentum
1311 1001 1492 1063 matrimonii
1506 1002 1562 1064 ali-

456 1102 626 1182 quantisper
637 1107 853 1165 recnsaueram.
881 1120 952 1165 mox
964 1109 1065 1164 tamen
1078 1104 1167 1164 telem
1180 1104 1320 1165 feminum
1335 1103 1427 1164 nihilo
1441 1103 1562 1182 segnius

454 1204 546 1279 uolui,
562 1221 650 1284 quam
665 1204 691 1265 si
705 1204 784 1266 ultro
799 1203 985 1285 appetissem.
1012 1212 1197 1284 persuaserat
1206 1205 1284 1267 idem
1299 1205 1465 1278 Pontianus·
1471 1206 1561 1267 matri

456 1324 536 1380 suae,
554 1313 590 1369 ut
608 1323 656 1367 me
674 1305 895 1385 aliislomnibns
917 1307 1026 1381 mallet,
1051 1313 1081 1368 et
1098 1307 1334 1387 quamprimum
1348 1307 1560 1386 hoeperlieere
1581 1318 1598 1367 5

455 1406 615 1470 incredibili
629 1405 729 1469 studio
744 1405 858 1470 ruebat.
888 1408 937 1472 nir
952 1408 988 1469 nb
1009 1427 1045 1470 eo
1060 1409 1203 1472 tantulam
1221 1427 1337 1470 meram
1357 1409 1560 1488 impetremus,

456 1511 527 1574 dum
552 1509 634 1590 prius
660 1508 723 1589 ipsc
747 1527 871 1571 uxorem
896 1510 1026 1584 duceret,
1051 1510 1148 1573 freter·
1167 1511 1230 1573 eine
1255 1511 1348 1573 uirilis
1367 1518 1452 1590 togae
1470 1529 1561 1573 usum

455 1612 669 1692 auspicaretur:
684 1618 756 1672 tune
770 1611 875 1673 deinde
889 1619 922 1674 ut
935 1630 992 1674 nos
1005 1613 1260 1692 coniungeremur.

323 1698 439 1808 bffll
542 1713 657 1774 Vtinam
678 1712 796 1775 hercule
814 1692 934 1792 possem
953 1732 1028 1794 quae
1048 1714 1152 1776 deinde
1172 1714 1294 1775 dicenda
1308 1719 1380 1774 sunt
1393 1710 1405 1796 ΙΙ
1421 1714 1560 1775 sinemo-

454 1818 534 1881 rimo
549 1831 653 1876 causeo
667 1814 820 1895 dispendio
835 1814 1013 1895 transgredi!
1032 1833 1069 1877 ne
1082 1817 1237 1890 Pontiano,
1257 1816 1306 1876 cui
1323 1833 1456 1876 errorem
1471 1833 1561 1876 sunm
1583 1822 1617 1872 10

457 1917 622 2000 deprecanti
648 1917 819 1998 simpliciter
836 1917 948 1996 ignoui,
971 1919 1074 1980 rridear
1098 1934 1177 1980 nunc
1202 1917 1349 1979 leuitatem
1373 1917 1560 1996 exprobrare.

455 2022 599 2085 confiteor
617 2019 706 2093 enim,
733 2019 813 2098 quod
832 2019 904 2080 mihi
931 2019 1077 2082 obiectum
1092 2027 1147 2093 est,
1170 2037 1249 2095 eum,
1264 2027 1421 2100 postquam
1436 2037 1560 2080 uxorem

382 2156 388 2174 ι
455 2123 580 2197 duxerit,
606 2105 779 2200 acoerpecti
804 2120 860 2181 fide
879 2120 1039 2189 demiuisse
1063 2141 1097 2184 ac
1116 2121 1383 2201 derepenteanimi
1402 2127 1560 2193 mutatum,
1609 2193 1611 2199 ¹

456 2225 535 2306 quod
550 2231 633 2285 antea
647 2221 738 2299 nimio
754 2221 852 2283 studio
867 2208 1028 2298 teclam,
1048 2225 1110 2304 pari
1125 2223 1281 2304 pertinacia
1296 2224 1476 2304 prohibitum
1490 2222 1560 2296 isse,

456 2328 580 2406 denique
599 2344 637 2386 ne
654 2322 877 2386 matrimonium
891 2332 1030 2387 nostrum
1041 2327 1226 2399 coalesceret,
1250 2325 1366 2404 quiduis
1380 2326 1449 2405 pati,
1471 2324 1559 2413 quid7
1573 2313 1634 2431 (ἔξω

454 2429 500 2499 nis
521 2429 615 2489 lacere
635 2433 769 2507 paratum
789 2425 890 2501 scrisse,
917 2445 1095 2507 quemquam
1111 2429 1208 2489 omnis
1229 2427 1277 2488 ille
1290 2433 1355 2488 tum
1369 2425 1455 2488 foeda
1469 2426 1559 2487 enimi

456 2530 579 2592 mutatio
594 2537 624 2589 et
637 2534 774 2606 suscepta
788 2534 890 2588 contre
904 2535 1029 2590 matrem
1044 2528 1178 2591 simultas
1190 2546 1251 2590 non
1262 2529 1318 2609 ipsi
1329 2528 1401 2589 uitio
1418 2528 1562 2591 uortenda

456 2633 503 2707 sit,
518 2633 571 2693 sed
585 2648 688 2692 socero
708 2628 772 2691 eius
786 2629 877 2690 eccilli
890 2629 1037 2692 Herennio
1053 2632 1169 2705 Rufino,
1190 2631 1240 2709 qui
1258 2647 1352 2691 unum
1368 2629 1515 2691 neminem
1531 2629 1562 2690 in

455 2735 541 2796 terris
574 2733 709 2795 uiliorem
728 2733 767 2792 'se
792 2738 844 2795 aut
868 2731 1079 2812 improbiorem
1106 2739 1156 2796 aut
1180 2732 1405 2812 inquinatiorem
1435 2731 1561 2810 reliquit.

455 2836 556 2916 paucis
574 2834 737 2908 hominem,
763 2852 852 2914 quem
871 2834 1089 2896 modestissime
1108 2842 1222 2915 potero,
1248 2834 1413 2895 necessario
1434 2833 1560 2894 demon·
1581 2841 1616 2893 20

456 2938 566 3011 strabo,
580 2955 627 3010 ne,
642 2937 668 2998 si
681 2936 804 2998 omnino
819 2936 855 3015 de
872 2955 907 2996 eo
922 2936 1076 3011 reticuere,
1092 2955 1213 3016 operem
1228 2935 1396 3016 perdiderit,
1411 2935 1490 3014 quod
1505 2953 1560 2997 ne-

455 3040 567 3119 gotium
583 3039 662 3101 istud
676 3037 749 3100 mihi
764 3056 799 3099 ex
813 3037 939 3099 summis
952 3038 1066 3100 uiribus
1081 3038 1227 3100 oonllauit.

537 3143 590 3204 Hic
605 3148 650 3203 est
664 3139 743 3201 enim
758 3140 874 3221 pueruli
887 3139 976 3201 huius
997 3141 1159 3220 instigator,
1174 3141 1222 3202 hic
1240 3139 1432 3202 accusationis
1447 3146 1559 3213 auctor,

451 3245 500 3307 hic
519 3229 732 3308 aduocatorum
752 3241 925 3317 conductor,
946 3242 993 3303 hic
1012 3241 1132 3305 testium
1152 3248 1315 3323 coemptor,
1335 3241 1384 3303 hic
1403 3241 1494 3303 totius
1510 3259 1560 3302 ca-

452 3348 579 3409 lumniae
598 3345 759 3419 fornacula,
785 3345 833 3406 hic
851 3343 1004 3406 Aemiliani
1028 3345 1116 3407 huius
1135 3345 1182 3406 far
1203 3351 1232 3405 et
1252 3344 1407 3423 flagellum,
1426 3342 1558 3422 idemque
1581 3349 1615 3399 25

453 3449 530 3528 apud
546 3449 643 3512 omnis
659 3445 955 3533 intemperantissime
970 3446 1121 3526 gloriatur,
1142 3466 1191 3509 me
1211 3443 1265 3508 suo
1286 3446 1454 3510 machinatu
1474 3461 1560 3507 reum
1621 3527 1624 3533 Ι

521 3733 682 3807 iprobpi.p
711 3733 717 3802 1
748 3733 916 3786 uirtulian
943 3732 955 3803 ΙΙ
984 3735 1141 3788 3loemirem
1157 3753 1175 3788 v
1205 3734 1210 3802 Ι
1240 3732 1390 3804 nichilare
1420 3735 1425 3802 Ι
1457 3736 1559 3802 sequius

452 3815 628 3885 Selnwsiuefl
656 3819 778 3871 bbeecv
801 3814 812 3884 ΙΙ
833 3815 1173 3890 ¹8deindel'molimdemum
1196 3815 1207 3885 ΙΙ
1232 3817 1407 3868 lbherrorem
1419 3815 1465 3884 qu
1488 3813 1498 3882 ΙΙ
1528 3816 1557 3865 11

452 3899 594 3965 exprobare
607 3895 629 3949 ν’
646 3896 657 3966 ΙΙ
682 3898 713 3950 13
726 3899 749 3963 a]
759 3897 802 3954 ·,·l
815 3895 836 3948 F
848 3899 874 3948 e're
886 3901 1003 3964 margine
1033 3898 1038 3965 1
1074 3896 1195 3964 compecti
1208 3895 1414 3961 Hildebreedr'ue:
1431 3896 1561 3961 conspecti

453 3979 505 4050 l'cp,
518 3979 646 4044 cdnspecti
658 3979 693 4032 V:
711 3983 832 4043 concepte
849 3975 975 4044 Scaliger,
995 3987 1125 4045 conpectu
1144 3970 1252 4044 Colotes,
1275 3985 1409 4043 conspecte
1426 3977 1559 4041 Pricaeus,

452 4059 568 4112 confesse
580 4058 694 4139 deserte
715 4057 727 4128 fl
752 4060 783 4110 15
796 4073 826 4109 ne
840 4072 918 4114 ons-e
943 4057 948 4124 Ι
975 4068 1089 4112 nostrum
1101 4076 1132 4111 ne
1144 4061 1336 4128 coalesceretp
1359 4055 1371 4126 ss
1395 4058 1427 4109 16
1445 4056 1560 4125 quemuis

451 4214 467 4246 v
493 4198 498 4265 Ι
525 4193 710 4252 animifoedec
730 4193 741 4263 ss
765 4140 1172 4260 17uorteneenv,⁶1ftg⁹i1¹i⁹i'⁸⁰⁰‘)
1200 4213 1224 4265 φ
1247 4192 1257 4263 ΙΙ
1290 4194 1321 4244 18
1338 4209 1387 4245 uno
1412 4193 1561 4243 neminem—

451 4277 574 4329 uiliorcm‘
586 4291 614 4328 se
633 4284 677 4329 eut
697 4276 768 4344 lmpr.
783 4275 903 4344 sealtger
928 4273 941 4345 11
970 4275 1002 4328 19
1014 4268 1159 4345 reliquid-ll
1180 4273 1193 4344 11
1214 4276 1246 4328 20
1263 4274 1421 4343 perpeuciec
1444 4271 1454 4342 ΙΙ
1477 4272 1508 4324 21
1528 4289 1558 4323 ne

452 4361 473 4410 si
486 4361 664 4412 Carantonus:
678 4356 819 4428 nistipV:
838 4372 894 4409 nam
911 4359 933 4409 si
950 4356 1154 4424 Lindeodrogi'ae
1181 4355 1192 4427 ΙΙ
1220 4357 1253 4409 22
1269 4354 1380 4409 micbiF
1407 4353 1419 4424 11
1446 4354 1479 4406 23
1492 4355 1558 4406 erim

451 4447 516 4498 este
547 4436 558 4507 ΙΙ
590 4439 623 4490 24
635 4441 779 4507 redemptor
791 4439 895 4509 Lipsius
920 4441 926 4507 Ι
949 4438 1123 4572 columpnipcp
1156 4437 1167 4506 ΙΙ
1200 4439 1232 4490 25
1250 4438 1377 4491 tlrbellunr
1389 4437 1528 4490 Wewerus
1552 4433 1579 4502 1.

1040 4529 1053 4560 e
1076 4522 1202 4576 menam.)

450 4577 564 4642 ¹demque
579 4577 683 4644 scripsi:
697 4575 770 4641 idque
782 4575 845 4644 va
866 4568 879 4642 1
898 4573 932 4625 26
943 4573 1229 4640 intemperantissimi?
1251 4572 1262 4640 fl
