3867 5559
780 743 969 796 PRAEFATIO
1350 761 1431 806 xv1111

325 900 448 990 primae
472 909 505 967 et
527 898 687 966 secundae
709 897 939 964 Vulcanianae.
976 904 1154 984 praeterea,
1177 918 1254 961 num
1277 903 1312 961 tu
1335 904 1429 983 putas

325 1007 521 1074 Vulcanium
550 1006 655 1092 ipsum
685 1003 976 1070 animadversiones
1010 1026 1083 1069 suae
1115 1002 1150 1068 in
1179 1000 1295 1090 Apulei
1330 1000 1429 1067 libros

325 1106 575 1201 philosophicos,
599 1110 714 1198 quibus
736 1110 873 1198 primam
891 1109 1065 1175 editionem
1083 1109 1219 1192 ornavit,
1242 1108 1277 1174 in
1292 1107 1431 1173 editione

327 1218 468 1284 secunda
492 1217 684 1282 omissurum
704 1217 827 1282 fuisse?
857 1215 998 1297 aceedit,
1030 1216 1116 1303 quod
1138 1213 1286 1301 Scaliger
1308 1215 1343 1280 in
1366 1215 1431 1303 epi-

327 1325 410 1391 stula
440 1324 496 1389 illa
519 1322 674 1388 memoria
696 1321 810 1409 digna,
835 1346 898 1410 qua
923 1320 1115 1388 anaubono
1138 1321 1259 1409 gratiae
1282 1321 1350 1407 agit
1373 1343 1430 1409 pro

326 1429 494 1518 apologiae
508 1428 647 1493 editione
662 1428 859 1512 transmissa,
875 1430 1052 1515 profitetur,
1066 1452 1100 1494 ec
1112 1428 1217 1516 ipsum
1230 1428 1306 1493 olim
1320 1426 1431 1492 dehac

327 1535 471 1602 oratione
494 1534 619 1601 edenda
642 1532 851 1621 cogitaeee¹):
864 1535 959 1624 prinde
978 1536 1107 1622 colligo,
1131 1558 1205 1601 eum
1221 1533 1324 1600 studia
1343 1532 1432 1620 Apu-

326 1642 432 1707 leiana
463 1663 628 1726 nunquam
655 1662 786 1726 prorsus
815 1640 991 1707 abdicasse.
1037 1641 1175 1728 denique
1203 1640 1237 1705 in
1267 1661 1432 1726 compara-

326 1748 447 1813 tionem
467 1769 585 1812 vocare
601 1745 690 1811 iuvat
706 1742 853 1811 Caesarie
870 1746 1043 1813 editionem
1058 1771 1078 1813 a
1092 1745 1259 1834 Scaligero
1278 1754 1430 1825 curatam,

327 1852 367 1917 de
396 1877 460 1942 qua
485 1850 694 1918 casaubonus
719 1850 838 1938 (praef.
865 1858 899 1918 in
921 1855 1034 1936 Scalip.
1058 1876 1124 1937 opp.
1144 1877 1177 1937 p.
1200 1856 1256 1936 15)
1280 1851 1361 1916 haec
1386 1850 1431 1915 di-

328 1958 386 2024 cit:
418 1961 550 2042 <prodiit
576 1965 643 2022 ante
664 1979 779 2042 pancoe
801 1980 895 2023 aanor
916 1959 1058 2041 Lupenii
1080 1962 1266 2023 Batavorum
1291 1942 1435 2021 Gaeeorie

325 2062 427 2148 edilia,
449 2086 538 2148 qnam
558 2067 679 2145 mimae,
703 2067 774 2128 licet
784 2065 880 2146 frene
903 2067 974 2130 libri
997 2067 1169 2142 dieeimalet,
1189 2067 1311 2147 pamiae
1329 2066 1434 2128 critico

331 2279 528 2286 m

327 2417 453 2468 maloram
468 2416 615 2468 dominam
649 2418 770 2483 cardaoe,
800 2419 871 2483 sorte
908 2419 1001 2482 dicam,
1015 2428 1067 2470 tam
1079 2419 1226 2470 dieeimilem
1234 2419 1369 2485 prioribae
1383 2433 1435 2470 eme

319 2501 433 2567 fortuna
450 2502 479 2552 in
497 2518 570 2551 roeae
587 2501 686 2567 incidit,
705 2502 763 2556 MS.
781 2503 871 2568 benefi-
907 2521 985 2568 qaam
1002 2504 1045 2555 ille
1063 2504 1160 2553 Aeinae
1172 2500 1298 2567 Apuleiae
1315 2502 1372 2565 eidi,
1391 2501 1436 2566 qni

327 2586 373 2650 cio,
392 2601 438 2636 nea
450 2585 547 2638 Aeinva
565 2586 601 2637 ad
615 2602 658 2636 voe
672 2587 742 2637 venit
751 2587 871 2652 preesecta
905 2588 966 2652 iam,
983 2596 1044 2656 poet
1060 2587 1150 2637 multoe
1167 2587 1353 2651 diuturnaeque
1367 2601 1436 2636 erro·

325 2668 371 2719 eed
395 2669 481 2734 homo,
500 2670 606 2735 patriae
626 2670 724 2740 cibique
745 2670 870 2721 redditae.
906 2687 959 2734 ree,
975 2672 1047 2737 forte
1064 2672 1179 2737 fortuna
1200 2673 1229 2722 in
1247 2687 1319 2721 roeae
1337 2669 1435 2729 incidit,

332 2751 394 2804 Vale
412 2761 437 2803 et
454 2752 601 2820 diliqentiae
619 2762 721 2805 nostrae
732 2754 806 2819 fave.
908 2753 1050 2806 Olarieeimi
1074 2755 1193 2805 Valcanii
1208 2771 1299 2821 opera:
1319 2769 1365 2804 aea
1378 2752 1435 2801 Aei-

886 2791 954 2906 lml8
973 2839 1010 2890 ad
1027 2858 1071 2890 voe
1089 2840 1159 2891 venit
1171 2840 1301 2906 profecto,
1327 2836 1373 2887 eed
1391 2836 1435 2885 do-

903 2940 952 2987 mo,
966 2926 1073 2989 patriae
1091 2924 1188 2988 eibiqae
1206 2923 1332 2974 redditae.
1372 2919 1434 2969 Vale

903 3015 927 3056 et
945 3007 1093 3074 dilipentiae
1110 3016 1213 3059 nostrae
1223 3007 1300 3072 face.

401 3087 433 3154 1)
756 3087 842 3138 Ieacio
862 3087 1018 3142 ancabono.

405 3200 436 3206 -
459 3199 492 3206 —
512 3199 545 3205 -
565 3199 597 3206 -
617 3169 767 3235 Apolopiam
785 3178 868 3235 taam,
888 3175 928 3225 vel
940 3175 1029 3238 potitae
1046 3191 1136 3237 meam,
1161 3173 1292 3224 Waltonne
1309 3171 1372 3221 milei
1389 3186 1436 3220 na-

332 3271 384 3320 per
401 3253 525 3306 reddidit.
562 3253 645 3316 onte,
670 3253 705 3302 mi
729 3252 889 3318 Caeambone,
909 3275 1009 3321 param
1033 3266 1070 3308 eet
1091 3267 1114 3308 te
1133 3257 1164 3308 de
1181 3273 1220 3307 me
1234 3255 1360 3321 privatim
1377 3253 1437 3303 bene

332 3340 451 3390 meritam
469 3352 529 3398 aeae,
547 3337 599 3387 niei
617 3337 693 3386 etiam
709 3351 748 3386 me
766 3336 813 3387 hoc
825 3339 930 3402 publico
947 3341 1066 3407 banniolo
1085 3341 1224 3393 oneraree‘l
1244 3341 1360 3404 Ecquam
1375 3355 1436 3404 qro-

332 3424 394 3473 tiam
412 3436 431 3472 a·
447 3438 486 3472 me
504 3438 555 3471 ano
572 3437 678 3487 eperare
691 3429 773 3486 potae,
792 3439 869 3487 qaam
888 3440 972 3474 carnee
991 3425 1036 3475 tibi
1053 3426 1150 3491 referre
1169 3424 1275 3475 debent?
1300 3423 1388 3473 Honoe
1409 3422 1437 3472 in

327 3523 408 3557 annm
426 3506 530 3556 collatae
549 3513 596 3571 eet;
616 3506 766 3574 beneficiam
784 3508 821 3558 ad
839 3524 922 3558 omaee
935 3511 1064 3574 pervenit.
1099 3507 1194 3560 Tamen
1212 3507 1366 3570 athenaeis,
1387 3522 1436 3571 qao
1532 3501 1535 3504 ’

330 3607 368 3641 me
391 3590 527 3656 indipnam
537 3587 640 3656 fateor,
664 3600 688 3642 et
705 3592 831 3657 leodicii,
854 3592 924 3657 qaod
949 3609 1007 3643 cam
1027 3591 1133 3657 publiea
1150 3592 1258 3642 utilitate
1277 3592 1436 3641 coniunctam

328 3690 380 3725 eeee
398 3674 512 3736 veland,
534 3681 557 3723 et
570 3674 674 3738 pollice
692 3677 793 3726 nomiae
813 3684 837 3727 et
854 3691 907 3726 meo
922 3677 1023 3742 qratiae
1041 3693 1095 3742 apo.
1132 3676 1198 3725 Pari
1215 3675 1366 3725 liberalitate
1377 3673 1437 3738 for·

335 3766 400 3809 taeee
419 3767 441 3808 te
454 3758 634 3824 provocarim,
655 3759 708 3809 niei
725 3775 827 3825 verear,
846 3774 878 3809 ne
896 3748 996 3830 χρύσεα
1014 3755 1146 3829 χαλκείων.
1182 3756 1236 3809 Sed
1255 3759 1287 3808 de
1305 3759 1344 3809 hie
1363 3759 1437 3809 aliae.

333 3841 403 3892 lace
421 3858 480 3893 vero
498 3843 527 3892 in
552 3842 703 3908 Apoloqiam
720 3843 909 3894 lucubrationee
927 3860 955 3893 eo
974 3844 1054 3909 naqa
1071 3858 1110 3892 me
1129 3842 1296 3904 oblectarunt,
1315 3841 1391 3906 qaod,
1410 3848 1439 3890 at

334 3933 431 3976 taceam
456 3925 524 3976 nihil
547 3942 586 3976 me
610 3925 684 3992 apud
706 3942 762 3977 eam
785 3928 871 3993 leqieee
892 3929 944 3978 niel
964 3926 1113 3977 anaulono
1138 3925 1257 3991 dipmrm,
1281 3925 1439 3990 depredandi

329 4025 410 4059 meam
435 4009 467 4061 de
494 4009 673 4075 coniungenda
691 4010 817 4077 Apoloqia
840 4010 990 4062 cententiam
1011 4028 1028 4059 a
1046 4018 1068 4062 te
1086 4010 1262 4075 consternatam
1280 4023 1343 4072 eree3
1370 4008 1438 4073 qood

325 4093 420 4158 ,eulpae
444 4108 476 4143 etc
506 4110 561 4143 una
585 4095 699 4145 oratione
724 4095 791 4145 dnae
814 4093 951 4158 Apoloqiae
979 4093 1102 4158 effecerat.
1144 4091 1296 4160 Triqinta
1322 4101 1352 4141 et
1375 4109 1438 4142 om·

328 4177 416 4239 pliae
435 4177 517 4227 anni
534 4187 623 4237 eunt,
647 4194 740 4242 qaam
764 4176 936 4227 admodum
954 4176 1089 4226 invenie
1106 4178 1202 4228 illam
1220 4177 1402 4228 orationem
1422 4192 1438 4224 a

329 4275 373 4310 me
391 4260 592 4315 emendatam
605 4261 768 4311 Pictaaiie
787 4260 881 4311 edere
899 4259 1125 4312 decreveram:
1145 4262 1190 4313 eed
1202 4260 1336 4312 editionem
1349 4258 1438 4308 eadem

329 4344 471 4408 calamitae,
491 4360 558 4409 qaae
576 4351 601 4394 et
617 4346 774 4409 reliqueram
791 4359 902 4395 meorum
920 4343 1066 4392 etudioram
1085 4361 1187 4411 caream
1205 4342 1385 4406 interpellavit.
1403 4371 1436 4378 -

308 4482 311 4486 ,
330 4430 456 4496 madenti
473 4432 635 4482 Batavorum
646 4432 714 4484 XII.
731 4432 841 4484 Kalend.
856 4430 972 4482 Decemb.
989 4430 1045 4479 010
1053 4430 1174 4482 renel]
1176 4431 1215 4483 H.
1247 4429 1351 4496 (Scalip.
1365 4431 1437 4493 epiet.

331 4514 351 4563 I
366 4518 401 4566 38
419 4516 479 4566 edit.
498 4515 678 4582 Francofart.)

1193 4607 1238 4660 Β*
