3867 5559
840 726 1029 780 saturano
1449 750 1488 792 vn

473 883 555 948 Prae
590 884 704 948 ceteris
739 881 838 967 igitur
866 879 986 967 Apulei
1019 880 1110 947 libris
1144 881 1223 946 haec
1259 881 1360 947 oratio
1390 882 1489 967 digna

384 989 527 1069 videtur,
557 1010 640 1074 quae
668 986 793 1052 mendis
824 995 855 1050 et
883 985 1086 1052 librariorum
1116 995 1148 1052 et
1175 987 1332 1052 editorum
1356 986 1489 1051 sublatis

384 1094 424 1158 ad
447 1093 614 1180 pristinam
638 1094 766 1159 tandem
790 1090 1008 1177 integritatem
1031 1092 1205 1178 redigatur.
1250 1101 1346 1177 atque
1369 1091 1431 1156 hac
1453 1100 1490 1156 ut

384 1199 462 1263 mihi
484 1221 707 1285 proponerem,
730 1197 763 1261 id
786 1181 920 1284 quoque¹
936 1198 971 1262 in
995 1221 1091 1264 causa
1114 1199 1183 1277 fuit,
1209 1197 1294 1284 quod
1315 1195 1489 1261 Hearici

386 1303 495 1368 Keili
518 1303 732 1369 rectissimum
754 1303 793 1368 do
809 1301 930 1389 Apulei
951 1303 1114 1370 codicibus
1130 1303 1283 1369 iudicium
1299 1301 1404 1366 adhuc
1421 1302 1488 1367 solo

385 1410 425 1474 ab
449 1407 600 1475 Ottone
622 1409 779 1490 Iahnio,
802 1408 989 1474 felicissimo
1011 1408 1140 1475 fabulae
1164 1409 1203 1473 de
1226 1407 1352 1494 Psyche
1375 1415 1408 1471 et
1425 1403 1488 1472 Ou-

385 1514 492 1601 pidine
523 1514 743 1593 emendatore,
773 1512 951 1579 adhibitum
979 1513 1138 1580 videbam.
1176 1511 1303 1577 Keilius
1331 1513 1416 1575 enim
1437 1534 1488 1575 co-

386 1618 490 1683 dicem
519 1617 772 1684 Laurentianum
802 1616 951 1685 LXVIII
977 1619 998 1681 2
1028 1619 1156 1685 saeculo
1187 1616 1359 1682 undecimo
1387 1615 1490 1681 literis

386 1723 640 1809 Langobardicis
663 1732 829 1788 exaratum
853 1723 1063 1810 archetypum
1083 1747 1153 1789 esse
1169 1723 1311 1789 amnium
1328 1722 1383 1808 qui
1398 1744 1488 1809 prae-

294 1847 297 1852 ·
385 1840 473 1894 terea
510 1839 621 1894 extant
658 1829 960 1915 metamorphoseon
997 1829 1154 1895 librorum
1188 1827 1488 1913 manuscriptorum,

386 1935 636 2000 Laurentianum
660 1943 767 1998 autem
790 1934 959 1999 XXVIIII
982 1935 1003 1997 2
1029 1934 1267 2000 accuratissime
1291 1956 1332 1997 ex
1355 1933 1409 1996 illo
1437 1955 1488 1996 co-

387 2040 458 2104 dice
488 2040 617 2105 saeculo
647 2037 837 2104 duodecimo
866 2039 1063 2127 descriptum
1092 2062 1163 2104 esse
1192 2037 1350 2103 intellexit
1379 2046 1411 2101 et
1440 2061 1489 2102 ar-

385 2144 546 2232 gumentis
576 2145 807 2222 demonstravit
836 2144 870 2208 in
900 2145 1055 2231 epimetro
1083 2146 1352 2210 tabseroatiorribus
1373 2148 1491 2209 criticis

385 2258 417 2315 irc
442 2254 564 2315 Catonis
586 2258 615 2315 et
640 2254 789 2315 Varronis
811 2253 903 2315 dere
925 2258 1041 2315 rustica
1065 2254 1174 2316 tidros>
1198 2250 1240 2337 (a.
1266 2249 1362 2334 1849)
1380 2250 1488 2315 affixo.

385 2357 448 2421 iam
460 2374 548 2438 vero,
562 2377 757 2442 quamquam
769 2365 892 2420 certum
904 2355 1059 2420 indicium
1069 2356 1168 2436 deest,
1181 2356 1281 2421 libros
1289 2354 1488 2441 manuscrip-

384 2473 433 2526 tos
457 2470 636 2526 ceterorum
651 2460 771 2548 Apulei
794 2483 937 2547 operum,
962 2484 1044 2548 quae
1068 2461 1195 2527 codices
1218 2461 1264 2524 illi
1280 2459 1489 2526 Laurentiani

385 2567 550 2632 continent
572 2603 615 2614 -
639 2566 823 2653 apologiam
848 2566 919 2631 dico
943 2576 976 2632 et
993 2567 1106 2632 florida
1128 2605 1180 2648 —,
1206 2567 1246 2632 ad
1263 2589 1362 2632 unum
1378 2588 1489 2630 omnes

384 2696 425 2737 ex
454 2673 628 2758 archetypo
657 2671 712 2736 illo
741 2671 902 2736 derivatos
931 2694 1017 2737 esse:
1046 2682 1154 2737 tamen
1182 2680 1313 2759 propter
1339 2680 1487 2751 aetatem,

385 2801 448 2862 qua
483 2777 610 2842 codices
639 2775 818 2841 Florentini
853 2775 966 2840 ceteris
996 2773 1116 2861 Apulei
1144 2777 1234 2842 libris
1262 2775 1488 2862 manuscriptis

385 2891 556 2968 praestant,
572 2882 641 2946 veri
658 2881 853 2945 simillimum
870 2889 928 2961 est,
945 2880 1085 2946 maxime
1101 2880 1143 2947 ad
1154 2882 1251 2946 fidem
1263 2882 1389 2946 illorum
1403 2880 1488 2945 codi-

384 3010 458 3052 cum
473 2986 732 3051 emendationem
743 2987 840 3052 etiam
852 2987 1020 3073 apologiae
1034 2997 1066 3051 et
1076 2987 1263 3053 floridorum
1275 2986 1489 3052 revocandam

386 3115 464 3158 esse.
504 3092 611 3178 itaque
634 3094 674 3157 de
697 3091 746 3156 his
770 3091 860 3157 libris
874 3092 971 3172 valet,
996 3091 1082 3177 quad
1097 3092 1137 3157 de
1153 3092 1375 3157 emendatione
1392 3093 1488 3157 libro·

384 3222 456 3262 rum
478 3197 778 3283 metamorphoseon
795 3195 959 3262 Keilius
977 3196 1088 3262 statuit
1102 3196 1151 3261 his
1168 3197 1291 3261 verbis:
1314 3198 1490 3260 ‹abicieada

384 3307 445 3367 iam
473 3307 656 3386 reliquorum
685 3305 830 3366 librarum
852 3304 1074 3383 discrepantia,
1098 3323 1157 3384 pua
1186 3306 1333 3366 inutiliter
1360 3285 1502 3366 irruentia¹

385 3412 450 3472 reri
471 3410 633 3488 impeditur
654 3415 684 3471 et
700 3409 832 3491 praedm
855 3410 1011 3489 scriptura
1025 3410 1171 3490 obruitur,
1196 3410 1354 3472 ubrando
1369 3411 1491 3490 inquam

384 3518 443 3577 ieta
469 3516 631 3577 variarum
659 3516 882 3594 scripturaram
910 3515 1002 3576 mohs
1018 3533 1078 3595 per
1100 3519 1142 3576 tot
1162 3534 1309 3576 ancoram
1330 3517 1431 3595 spatia
1454 3514 1492 3575 ab

385 3620 548 3682 editoribus
570 3625 689 3697 cacam,
713 3640 803 3700 paam
825 3620 896 3682 radi
918 3623 948 3682 et
969 3619 1060 3682 taedii
1076 3621 1170 3701 plena
1182 3619 1352 3700 farragine
1375 3638 1490 3699 campa

385 3729 447 3788 suit
466 3725 729 3788 Hildedraadiasa

475 3828 632 3894 Codicum
655 3829 916 3894 Florentinorum
940 3829 1037 3895 etiam
1056 3827 1310 3894 Hildebrandius
1333 3826 1490 3891 rationem

385 3934 496 4001 habuit
530 3944 562 4000 et
596 3935 800 4000 collationem
834 3956 926 3998 suam
955 3933 1075 3998 codicis
1104 3931 1313 3997 Laurentiani
1342 3931 1491 3996 LXVIII

385 4041 405 4103 2
434 4040 485 4105 his
514 4038 663 4106 laudibus
686 4039 801 4104 extulit
824 4040 943 4125 (praefi
959 4060 995 4121 pt
1019 4040 1088 4101 XII
1093 4039 1120 4119 ):
1150 4039 1291 4119 ‘fortuna
1313 4041 1389 4102 sads
1411 4043 1555 4117 mitid-{1

385 4149 510 4226 accidit,
540 4154 573 4209 at
597 4150 661 4210 cias
683 4148 797 4210 codicia
819 4148 937 4209 collatio
959 4147 992 4208 ia
1014 4149 1201 4226 earcerptoris
1222 4165 1329 4208 manus
1355 4145 1493 4207 tradere·

385 4257 449 4332 tur,
478 4273 535 4333 pao
561 4271 646 4314 acmo
674 4252 844 4331 diligentior
851 4297 859 4331 ,
891 4269 977 4311 nemo
1006 4252 1179 4312 accuratior
1207 4271 1271 4312 esse
1288 4254 1415 4332 potesta
1440 4247 1493 4327 oui

385 4354 616 4442 praedicationi
652 4353 865 4420 recentissimi
903 4351 1034 4417 editoris
1068 4352 1165 4418 fidem
1198 4355 1371 4438 abrogant,
1411 4372 1493 4440 quae

385 4459 551 4527 adnotavit
584 4470 753 4547 excerptor
786 4460 839 4524 ille
869 4457 1131 4544 diligentissimus
1160 4468 1191 4523 et
1225 4459 1492 4541 accuratissimus,
