3867 5559
480 739 521 803 20
822 736 1240 791 n.lrvnn1unnlvnnns1s

338 822 356 863 t.
366 823 425 865 lois.
439 823 501 888 filib.
1493 820 1536 862 nd.
1551 819 1657 862 Ondcud.

476 892 535 953 hoc
548 891 635 953 etiam
650 898 729 971 peto,
744 892 824 971 quod
838 892 911 953 mibi
925 900 992 954 ante
1003 893 1066 973 ipsa
1078 892 1200 954 crimina
1211 897 1355 971 superest,
1370 888 1471 952 audias
1486 895 1519 951 ut
1533 889 1586 950 ad·

477 993 536 1054 huc
549 992 643 1054 fecisti
657 992 782 1053 libenter
795 998 825 1052 et
839 992 999 1072 diligenter.

563 1094 702 1174 Sequitur
717 1094 797 1156 enim
810 1094 846 1155 de
861 1095 980 1174 speculo
995 1096 1083 1176 longa
1096 1096 1143 1158 illa
1158 1103 1187 1157 et
1201 1095 1336 1157 censoria
1351 1094 1455 1168 oratio,
1476 1093 1512 1155 de
1527 1112 1586 1175 quo

479 1214 534 1277 pro
549 1196 592 1258 rei
607 1197 758 1258 atrocitate
770 1213 862 1277 paene
877 1197 1014 1276 diruptus
1029 1205 1074 1258 est
1088 1197 1206 1259 Pudens
1221 1197 1386 1258 clamitans:
1399 1187 1502 1258 ‘habet
1516 1215 1585 1277 spe·
1600 1218 1658 1271 (ne)
1696 1259 1699 1277 ,

346 1286 351 1301 ⁵
405 1321 464 1362 esc
478 1300 578 1361 culum
592 1296 813 1381 phiilosophus,
833 1299 965 1379 possidet
980 1300 1133 1380 speculum
1147 1288 1360 1380 philosophus'.
1382 1306 1416 1360 ut
1429 1299 1518 1377 igitur
1530 1299 1585 1359 ha·
1603 1308 1619 1358 5
1698 1335 1702 1340 -

390 1384 393 1389 ’
476 1402 546 1463 bere
560 1402 719 1464 concedam
733 1436 777 1446 -
790 1420 828 1462 ne
842 1401 949 1481 aliquid
965 1402 1107 1464 obiecisse
1121 1410 1150 1463 te
1166 1402 1277 1477 credas,
1293 1403 1318 1463 si
1332 1419 1440 1480 negaro
1451 1436 1509 1476 -,
1525 1419 1587 1462 nou

476 1511 576 1566 tamen
595 1523 631 1566 ex
650 1523 686 1564 eo
708 1523 755 1565 me
775 1505 867 1585 accipi
885 1521 1006 1566 necesse
1027 1513 1072 1566 est
1090 1505 1225 1566 exornari
1245 1523 1362 1585 quoque
1382 1504 1417 1564 ad
1433 1504 1585 1584 speculum

477 1608 581 1669 solere.
611 1607 681 1688 quid
695 1604 798 1669 enimi
818 1607 843 1668 si
858 1607 1029 1686 choragium
1039 1606 1229 1686 thymelicum
1243 1606 1436 1688 possiderem,
1457 1625 1531 1667 num
1551 1624 1586 1666 ex

478 1728 513 1771 eo
529 1716 773 1789 argumentarere,
788 1709 875 1770 etiam
889 1710 933 1770 uti
947 1728 995 1770 me
1007 1727 1166 1770 consuesse
1177 1708 1308 1788 tragoedi
1319 1714 1454 1788 syrmate,
1465 1707 1587 1768 histrio-

477 1812 524 1873 nis
540 1819 666 1886 crocota,
685 1811 795 1891 [orgia],
811 1812 895 1872 mimi
908 1808 1108 1873 centunculo?
1128 1829 1191 1873 non
1212 1811 1325 1889 opinor.
1347 1828 1415 1871 nam
1435 1818 1464 1870 et
1483 1815 1585 1870 contra
1601 1792 1659 1898 (117)

478 1914 612 1995 plurimis
635 1914 723 1975 rebus
753 1933 895 1994 possessu
920 1933 1020 1989 careo,
1051 1933 1109 1976 usu
1133 1914 1225 1975 fruor.
1262 1913 1341 1992 qnod
1366 1913 1392 1973 si
1417 1930 1512 1991 neque
1531 1913 1586 1973 ha·

401 2034 403 2039 ·
477 2017 547 2078 bere
566 2017 668 2079 utendi
695 2023 903 2096 argumentum
928 2025 973 2077 est
998 2034 1092 2096 neque
1118 2034 1181 2077 non
1205 2014 1306 2076 utendi
1334 2033 1395 2076 non
1415 2014 1537 2089 habere,
1559 2021 1588 2074 et

478 2120 589 2200 speculi
602 2137 665 2180 non
678 2126 739 2180 tam
754 2119 904 2203 possessio
919 2119 1054 2198 culpatur
1068 2137 1156 2198 quam
1170 2117 1327 2198 inspectio:
1342 2116 1413 2178 illud
1427 2117 1516 2178 etiam
1530 2116 1586 2177 do·
1601 2135 1660 2189 (cre)

479 2240 544 2284 ceas
564 2240 685 2284 necesse
705 2228 765 2295 est,
787 2220 905 2300 quando
925 2228 954 2281 et
969 2221 1075 2300 quibus
1095 2222 1298 2301 praesentibus
1319 2221 1349 2281 in
1367 2220 1519 2300 speculum
1539 2220 1586 2281 in-

479 2324 634 2404 spexerim,
649 2323 799 2403 qnoniam,
814 2329 908 2384 utres
923 2329 978 2397 est,
993 2323 1088 2385 maius
1100 2325 1247 2402 piaculum
1263 2320 1274 2407 11
1290 2323 1422 2385 decernis
1435 2323 1586 2404 speculum
1605 2332 1638 2382 15

478 2426 656 2507 philosopho
672 2444 760 2505 quam
772 2426 885 2487 Cereris
900 2426 1046 2487 mundum
1060 2427 1185 2506 profano
1201 2426 1310 2487 uidere.

392 2541 464 2596 Xllll
567 2527 644 2589 Cedo
659 2546 747 2600 nunc,
768 2528 793 2588 si
813 2534 842 2588 et
859 2527 1021 2608 inspexisse
1040 2549 1088 2590 me
1108 2529 1215 2603 fateor,
1237 2529 1316 2607 quod
1334 2527 1453 2589 tandem
1476 2526 1586 2588 crimm

478 2639 524 2694 est
540 2630 697 2709 imaginem
719 2648 802 2690 suam
822 2648 927 2703 nosse,
954 2648 1077 2709 eamque
1098 2649 1159 2692 non
1179 2649 1239 2692 uno
1260 2631 1326 2691 loco
1347 2626 1511 2704 conditam,
1533 2629 1584 2690 sed

479 2753 598 2814 quoquo
614 2733 688 2794 uelis
703 2751 795 2812 paruo
811 2733 931 2812 speculo
947 2739 1116 2813 promptam
1132 2729 1267 2813 gestaret
1283 2752 1321 2794 an
1335 2740 1368 2794 tu
1383 2733 1500 2811 ignoras
1514 2730 1588 2793 nihil

478 2855 542 2898 esse
556 2835 759 2915 aspectabilius
770 2834 883 2895 homini
897 2841 966 2895 nato
983 2853 1071 2914 quam
1090 2836 1218 2896 formam
1239 2831 1346 2896 suam?
1369 2834 1503 2915 equidem
1525 2833 1585 2894 scio
1604 2843 1638 2894 20

478 2945 507 3000 et
521 2937 792 3000 filiorum-cariores
807 2955 881 3010 esse,
903 2936 952 3014 qui
973 2936 1083 2996 similes
1099 2936 1244 3011 uidentur,
1266 2943 1294 2997 et
1314 2935 1471 3017 publicitus
1493 2934 1587 2996 simu·

478 3041 590 3101 lacmm
605 3059 694 3102 suum
709 3038 823 3119 cuique,
846 3037 925 3116 quod
939 3037 1046 3111 uideat,
1067 3056 1122 3116 pro
1138 3037 1250 3098 meritis
1265 3038 1396 3118 praemio
1413 3037 1511 3099 tribui.
1537 3043 1588 3098 aut

478 3142 548 3221 quid
564 3142 619 3203 sibi
634 3150 745 3204 statuae
760 3149 789 3202 θῖ
807 3139 948 3218 imagines
969 3139 1058 3202 uariis
1080 3139 1191 3201 artibus
1217 3139 1357 3220 effigiatae
1377 3135 1506 3202 uolunt?
1529 3139 1587 3200 nisi

477 3243 554 3304 forte
569 3243 648 3323 quod
663 3242 783 3303 artificio
800 3241 981 3302 elaboratum
996 3241 1137 3302 laudabile
1151 3242 1284 3316 habetur,
1304 3245 1362 3304 hoc
1376 3249 1481 3305 natura
1502 3242 1584 3302 obla·
1597 3267 1656 3318 (ns)

477 3351 543 3405 tum
557 3342 699 3423 culpabile
713 3342 900 3403 iudicandum
916 3347 970 3416 est,
986 3361 1054 3404 cum
1070 3343 1109 3405 sit
1126 3343 1157 3405 in
1177 3363 1211 3406 ea
1224 3345 1272 3406 uel
1292 3344 1383 3423 magis
1404 3343 1535 3406 miranda
1554 3350 1583 3404 et
1601 3355 1633 3405 25

473 3444 599 3509 facilitas
615 3452 644 3506 et
658 3443 828 3511 similitudo.
858 3444 966 3525 quippe
984 3445 1016 3507 in
1036 3446 1173 3508 omnibus
1189 3465 1279 3509 manu
1292 3447 1435 3509 faciundis
1449 3445 1586 3526 imagini·

547 3581 563 3632 3
574 3581 595 3632 p
607 3584 634 3632 in
645 3583 780 3648 margins.-
798 3580 834 3631 Da
847 3581 950 3647 speculo
969 3579 978 3649 1
996 3584 1010 3633 'l
1023 3583 1103 3649 accipi
1114 3600 1152 3635 ms
1166 3601 1182 3636 v
1200 3582 1211 3653 11
1228 3585 1243 3636 8
1255 3584 1407 3636 thimelicum
1419 3583 1450 3649 E,
1468 3583 1586 3636 themeli-

479 3677 535 3715 ctun
555 3680 587 3732 φ,
615 3662 763 3714 Timelicum
784 3678 802 3715 v
833 3661 843 3732 1
875 3663 1064 3730 ilintsrpuocci
1083 3669 1143 3718 ante
1159 3666 1243 3718 etiam:
1270 3667 1347 3732 vulgo
1367 3665 1443 3717 etiam
1463 3680 1523 3717 cum
1542 3678 1586 3715 ar·

477 3752 653 3808 gumenurerc
666 3746 826 3811 conimsgmrt
851 3743 856 3811 Ι
882 3760 962 3812 supra
975 3758 1113 3796 consuesse
1124 3746 1293 3799 inFrasuru
1319 3744 1323 3812 1
1349 3745 1451 3810 tragidii
1462 3743 1518 3809 FV,
1531 3752 1585 3796 tra-

479 3826 569 3894 gcdirp
592 3823 597 3893 1
621 3827 724 3877 sirmate
733 3825 795 3895 Fcpv
816 3823 827 3892 11
849 3827 879 3878 10
892 3826 963 3889 orgia
975 3827 1294 3896 expungendumvidctor:
1308 3825 1585 3879 crocotsmsadtriete-

477 3960 533 4010 rica
542 3960 614 4023 orgia
622 3968 666 4011 aut
676 3961 765 4018 mimic
780 3957 785 4027 1
800 3918 901 4012 ‘caiigtldlo
913 3962 971 4012 sou
982 3977 1049 4014 corr.
1059 3978 1163 4014 amans
1173 3979 1215 4031 pr.
1229 3967 1289 4016 stin
1298 3965 1416 4029 margine
1424 3975 1496 4013 scm
1507 3975 1587 4013 manu

479 4110 529 4146 soc.
542 4095 702 4158 centnngulo‚
720 4053 873 4166 centnfocusp,
890 4097 1039 4149 centunculo
1053 4096 1087 4150 V:
1101 4097 1244 4161 Thargeliis
1257 4105 1369 4164 syrmate
1384 4095 1515 4148 histrionis
1527 4110 1586 4145 cro·

479 4177 584 4228 tainus?
601 4177 634 4227 sd
646 4174 788 4227 Tricterics
799 4178 870 4241 orgia
880 4177 949 4228 hinni
958 4179 1124 4230 centunculo?
1141 4178 1300 4246 llutgcrrius
1312 4176 1322 4245 1
1341 4179 1373 4229 13
1383 4181 1444 4246 post
1455 4176 1585 4244 possessio

479 4257 648 4310 ioFrasura
673 4255 677 4317 1
704 4257 860 4327 docearch
887 4257 897 4327 1
922 4260 953 4311 15
970 4266 998 4310 ut
1010 4267 1038 4310 ut
1052 4258 1177 4313 Gruterus
1204 4259 1208 4327 1
1235 4259 1349 4322 magisV
1373 4258 1383 4327 1
1408 4259 1440 4309 16
1456 4273 1558 4325 qu..p
1584 4254 1588 4324 1

478 4337 698 4391 mnndumdai'il
729 4336 733 4405 1
759 4339 887 4404 prophano
904 4355 921 4390 v
948 4338 959 4408 11
988 4341 1018 4392 17
1035 4339 1174 4394 roteosl*
1198 4339 1208 4410 11
1234 4341 1264 4392 18
1277 4341 1417 4408 ymaginem
1433 4338 1479 4406 up
1513 4335 1524 4406 11
1542 4339 1586 4388 »19

479 4416 611 4486 nichile
635 4416 645 4486 11
677 4419 707 4470 21
723 4421 849 4486 sortasse
869 4419 1002 4471 uideantur
1026 4419 1036 4488 1
1065 4423 1097 4472 22
1113 4422 1256 4488 praemiac
1283 4420 1294 4490 11
1317 4424 1350 4473 23
1367 4420 1497 4489 ymagines
1511 4418 1556 4486 up
1582 4415 1586 4486 1

477 4497 581 4561 effigiat.
602 4497 622 4548 F
648 4498 653 4566 1
680 4500 702 4550 si
718 4499 785 4557 forte
803 4501 927 4552 Ρνίθαθθθ
950 4500 960 4562 11
984 4496 1216 4572 libraturum:
1236 4503 1283 4555 hoc
1301 4510 1419 4556 enatura
1432 4501 1558 4553 Pricaeus
1578 4496 1588 4566 11

464 4579 511 4631 *25
523 4577 555 4629 ab
567 4593 598 4629 cs
609 4579 765 4649 Prienensi
789 4582 823 4633 26
834 4581 993 4649 ymaginibus
1005 4580 1073 4652 Ρφ11
