3867 5559
468 712 509 774 58
808 709 837 761 n.
856 707 979 762 arvam
990 706 1226 762 uansvnnnss

321 797 338 836 f.
348 796 410 837 lttb.
424 796 440 835 1.
449 797 498 836 lan.
1481 797 1524 837 btd.
1540 797 1649 842 ondend.

472 876 578 925 umatm
592 863 680 925 ethna
694 863 854 926 liberorum
870 863 955 942 pauci
969 861 1152 926 adhibentur.
1183 869 1212 924 et
1229 869 1264 926 tu
1285 865 1450 943 quindecim
1470 882 1577 928 seruos

472 965 518 1027 uis
533 962 726 1027 interfuisse?
740 965 896 1050 nuptiaene
910 964 975 1025 illae
985 965 1105 1025 fuerunt
1114 980 1153 1023 an
1163 962 1241 1026 aliud
1252 964 1429 1027 celebratum
1445 965 1577 1040 cilicium

472 1084 509 1127 an
525 1066 697 1127 conuiuium
709 1062 942 1146 tempestiuum?
955 1064 1122 1144 quindecim
1132 1064 1210 1126 serui
1221 1083 1339 1128 sacrum
1349 1066 1494 1146 magicum
1506 1085 1578 1148 par·

471 1168 592 1247 ticipant
605 1167 688 1248 quasi
703 1167 926 1248 quindecimuiri
940 1167 1031 1229 sacris
1041 1165 1185 1228 faciundis
1196 1166 1293 1228 creati.
1309 1167 1356 1229 cui
1366 1174 1465 1230 tamen
1476 1168 1519 1231 rei
1531 1175 1578 1230 tot

471 1286 596 1332 numero
612 1268 819 1343 adhibuissem,
841 1269 866 1330 si
879 1268 1060 1331 conscientia
1073 1270 1161 1328 unius
1174 1266 1262 1328 nimis
1276 1269 1361 1330 multi
1375 1266 1468 1332 sunt?
1488 1268 1577 1349 quin-
1598 1289 1615 1338 5
1692 1339 1694 1344 ,

472 1370 567 1432 decim
587 1370 669 1433 liberi
687 1370 823 1432 homines
843 1370 972 1451 populus
991 1376 1050 1444 est,
1068 1369 1192 1431 totidem
1211 1369 1289 1431 serui
1309 1369 1432 1443 familia,
1451 1369 1576 1434 totidem

471 1471 563 1534 suncti
582 1471 771 1558 ergastulum.
805 1489 843 1532 an
864 1471 1012 1534 adiutorio
1029 1471 1187 1533 multitudo
1208 1489 1313 1533 eorum
1332 1472 1495 1534 necessaria
1508 1471 1577 1545 fuit,

471 1573 521 1654 qui
536 1573 646 1635 diutine
660 1573 772 1636 hostias
785 1573 914 1637 lustralis
924 1569 1081 1635 tenerent?
1103 1579 1133 1633 at
1145 1572 1240 1634 nullas
1256 1572 1368 1634 hostias
1383 1573 1441 1636 nisi
1455 1573 1574 1653 gallinas
1589 1599 1648 1654 (aas)

470 1675 655 1738 nominastis.
685 1694 723 1737 an
742 1682 776 1738 ut
795 1694 884 1754 grana
903 1675 977 1738 turis
997 1670 1209 1737 numerarent?
1238 1690 1277 1736 an
1296 1679 1330 1735 ut
1345 1674 1481 1738 Thallum
1503 1694 1577 1755 pro·

473 1773 661 1841 sternerent?
1598 1804 1630 1855 10

297 1890 459 1946 xxxval
560 1878 710 1941 Mulierem
728 1877 816 1939 etiam
841 1878 962 1941 liberam
987 1877 1158 1958 perductam
1183 1875 1219 1937 ad
1244 1895 1292 1938 me
1316 1877 1439 1940 domum
1465 1878 1578 1941 dixistis

455 1978 606 2044 veiusdem
624 1979 718 2040 Thalli
739 1980 930 2055 ualetudinis,
956 1997 1046 2059 marn
1070 1997 1124 2057 ego
1147 1977 1293 2058 pollicitus
1313 1978 1372 2040 sim
1390 1987 1577 2043 curaturum:

473 2101 538 2145 eam
553 2099 671 2162 quoque
685 2099 761 2142 ame
772 2080 947 2143 incantatam
958 2081 1115 2143 corruisse.
1136 2087 1170 2141 ut
1186 2079 1284 2154 uideo,
1299 2098 1355 2142 uos
1369 2081 1577 2160 palaestritam,

472 2202 534 2246 non
553 2201 673 2263 magum
687 2190 857 2246 accusatum
870 2182 1007 2245 uenistis:
1026 2180 1066 2243 ita
1081 2181 1178 2243 omnis
1194 2181 1243 2260 qui
1257 2199 1306 2243 me
1321 2199 1468 2245 accessere
1482 2183 1578 2246 dicitis

472 2285 620 2349 cecidisse.
648 2284 767 2364 negauit
780 2291 880 2346 tamen
894 2290 1051 2364 quaerente
1064 2291 1103 2357 ta,
1114 2282 1247 2356 Maxime,
1262 2283 1424 2346 Themison
1434 2284 1579 2360 medicus,
1599 2301 1630 2352 15

472 2409 490 2451 a
504 2407 562 2469 quo
578 2387 684 2448 mulier
701 2386 742 2449 ad
755 2385 970 2466 inspiciendum
984 2384 1125 2465 perducta
1144 2391 1198 2459 est,
1219 2384 1374 2464 quicquam
1388 2381 1402 2469 ΙΙ
1417 2387 1494 2450 ultm
1507 2405 1577 2467 pas-

473 2509 547 2564 sam,
562 2489 619 2551 nisi
634 2487 783 2568 quaesisse
796 2507 855 2563 me,
864 2487 974 2568 'ecquid
988 2486 1030 2548 illi
1049 2504 1135 2548 aures
1151 2485 1331 2548 obtinnirent
1346 2492 1375 2548 et
1388 2493 1455 2550 utra
1474 2507 1581 2552 earum.

473 2590 580 2670 magis:
604 2589 655 2651 ubi
679 2589 875 2669 responderit,
902 2590 1051 2651 dexteram
1075 2587 1131 2649 sibi
1153 2605 1256 2649 aurem
1275 2587 1363 2650 nimis
1382 2589 1552 2669 inquietam,
1572 2587 1577 2674 Ι

395 2748 400 2760 .
437 2730 456 2759 a
472 2691 627 2755 confestim
643 2690 822 2754 discessisse.
851 2693 899 2753 hic
913 2709 978 2770 ego,
993 2689 1126 2764 Maxime,
1146 2706 1313 2769 quanquam
1333 2690 1435 2753 sedulo
1457 2691 1575 2773 inprae-
1590 2717 1648 2771 (coo)

473 2793 634 2857 sentiarum
653 2811 671 2852 a
693 2792 828 2855 laudibus
847 2793 907 2856 tuis
920 2800 1070 2872 tempero,
1095 2790 1201 2853 necubi
1219 2790 1272 2852 tibi
1294 2792 1332 2853 ob
1351 2810 1471 2855 causam
1489 2793 1578 2856 hem
1597 2807 1631 2859 no

471 2894 573 2957 uidear
591 2893 754 2967 blanditus,
777 2901 877 2956 tamen
904 2893 1063 2955 sollertiam
1082 2899 1164 2954 tuam
1188 2893 1219 2953 in
1239 2895 1439 2972 percontando
1463 2912 1579 2975 nequeo

473 2995 545 3078 quin
558 2994 683 3056 laudem
713 2995 826 3058 dudum
841 2995 929 3069 enim,
945 3013 1014 3056 cum
1027 2995 1100 3058 haec
1113 2994 1293 3074 agitarentur
1305 3002 1335 3057 et
1347 2995 1389 3058 illi
1401 2996 1579 3059 incantatam

473 3098 628 3160 mulierem
654 3096 793 3170 dicerent,
817 3097 950 3160 medicus
977 3097 1028 3178 qui
1052 3096 1186 3159 adfuerat
1207 3095 1357 3172 abnueret,
1383 3099 1522 3177 quaesisti
1543 3106 1578 3162 tu

473 3199 561 3261 nimis
576 3215 664 3278 quam
679 3199 848 3279 prudenter,
864 3199 943 3280 quod
958 3198 1032 3261 mibi
1046 3199 1280 3260 emolumentum
1298 3199 1387 3261 luerit
1400 3199 1576 3262 incantandi.

476 3300 707 3382 responderunt:
719 3291 769 3362 ‘ut
782 3300 889 3364 mulier
902 3290 1018 3363 rueret?
1045 3291 1133 3381 ‘quid
1151 3292 1506 3388 deindeimortuaesti'
1527 3297 1583 3366 in-'
1596 3322 1631 3373 25

423 3414 427 3421 ’
474 3401 550 3483 quis.
577 3408 730 3480 negarunt.
756 3392 845 3483 ‘quid
863 3421 932 3482 ergo
956 3398 1074 3464 dicitis?
1101 3400 1182 3482 quod
1198 3400 1303 3482 Apulei
1323 3403 1530 3477 commodum,
1552 3403 1578 3465 si

473 3495 615 3567 ruissctl'
638 3503 679 3565 ita
693 3502 772 3566 enim
785 3504 908 3586 pulchre
921 3521 958 3566 ac
969 3509 1191 3584 perseueranter
1204 3503 1291 3567 tertio
1307 3503 1454 3586 quaesisti,
1475 3510 1509 3568 ut
1528 3505 1579 3585 qui

543 3737 737 3806 ladibentnrtp
771 3735 776 3806 Ι
813 3753 877 3806 ινφ
909 3734 1122 3806 ssl'nubtiencl'
1155 3736 1307 3807 llilerp
1330 3735 1341 3806 ss
1363 3738 1508 3790 laruiriF
1532 3737 1578 3806 115

382 3829 384 3833 ⁴
474 3819 497 3870 si
509 3818 663 3870 conscientia
674 3818 749 3870 nnius
765 3819 837 3870 nimis
854 3835 887 3869 m.
900 3833 921 3870 s.
942 3818 1108 3871 Carantonus
1129 3818 1177 3885 (nel
1199 3819 1221 3870 si
1237 3818 1392 3871 conscientia
1411 3819 1485 3870 nnius
1505 3820 1579 3871 multi

474 3897 555 3963 suntla
568 3900 590 3950 si
602 3899 773 3951 conscientiae
784 3899 857 3950 nimis
874 3899 1019 3950 multisunt
1035 3899 1110 3969 anva
1127 3899 1150 3950 si
1165 3898 1334 3950 eonscientiae
1350 3915 1415 3952 nnus
1430 3901 1504 3951 malti
1520 3907 1579 3952 sunt

476 3977 621 4032 Groalota'eu
646 3979 651 4045 Ι
675 3995 704 4031 xv
716 3981 761 4049 Pap
781 3978 792 4049 ll
813 3979 937 4032 8dintino
951 3979 1049 4032 coetos
1072 3978 1083 4048 ΙΙ
1109 3980 1124 4031 9
1141 3979 1288 4031 nominastis
1305 3995 1337 4032 an
1353 3989 1382 4033 nt
1397 3999 1429 4050 φ,
1446 3981 1580 4033 nominasti

475 4057 748 4130 mediomontani
761 4062 842 4113 sancit
854 4061 877 4114 V
902 4063 908 4129 1
935 4060 1017 4112 thuris
1030 4076 1053 4129 φ
1078 4057 1084 4127 Ι
1110 4062 1283 4125 numerarent]
1296 4062 1446 4114 mandarent
1456 4062 1581 4115 Prienam

472 4139 482 4209 ll
504 4141 535 4192 12
548 4140 638 4192 Thallo
653 4139 820 4194 Carantonus
835 4141 839 4209 Ι
854 4141 1001 4194 ualitudinis
1013 4156 1054 4210 φν
1069 4137 1079 4209 l
1098 4139 1129 4192 13
1142 4140 1292 4192 incantatam
1304 4158 1319 4195 o
1332 4159 1399 4195 mev
1415 4140 1425 4210 ΙΙ
1447 4142 1479 4194 14
1490 4155 1580 4195 acces-

452 4218 533 4275 'sero
546 4220 600 4287 FV,
613 4220 793 4278 accesserintc
824 4221 829 4292 Ι
864 4221 1041 4280 interdicitisc
1071 4221 1082 4292 ll
1115 4222 1145 4274 17
1163 4235 1249 4272 earnm
1262 4238 1280 4290 c,
1302 4238 1389 4275 eorum
1409 4222 1472 4293 Fapv
1502 4220 1515 4291 ss
1547 4222 1579 4275 ts

475 4303 606 4355 deretrarn
618 4303 649 4370 F,
661 4303 793 4354 dexteram
804 4321 836 4374 φ,
853 4307 970 4357 dextram
981 4319 999 4355 v
1030 4301 1041 4373 ll
1074 4304 1106 4356 19
1120 4303 1183 4355 baec
1194 4300 1337 4357 Seriverius
1357 4303 1372 4373 'l
1398 4317 1545 4372 quamquam
1557 4320 1581 4375 φ

474 4380 479 4450 Ι
492 4382 724 4449 impraesentiarum
735 4401 753 4436 v
774 4383 786 4456 ss
809 4386 842 4438 20
854 4401 885 4437 ne
897 4385 940 4436 ubi
951 4401 969 4437 v
992 4382 1003 4454 l}
1020 4383 1055 4436 21·
1064 4386 1249 4454 perconctand‘o
1262 4384 1307 4461 Fap
1335 4384 1346 4456 fl
1369 4386 1401 4438 23
1414 4384 1522 4437 adherat
1533 4380 1581 4456 (pss

475 4491 746 4575 ac‘mutumenumr
769 4519 780 4592 p
804 4465 979 4589 conchato
997 4517 1012 4588 ⁴l
1038 4517 1078 4580 ,2⁶
1088 4516 1225 4586 enubit,
1235 4518 1336 4589 aaron
1345 4520 1393 4592 l'n
1415 4519 1429 4590 l
1502 4560 1504 4566 =
