3867 5559
447 711 489 773 24
785 701 815 753 n.
834 700 956 754 arvum
968 699 1205 754 uanivnunsrs

307 796 323 837 1.
333 795 395 838 rote.
409 795 469 838 cm.
1461 789 1504 829 Ed.
1521 789 1625 831 Oudend.

448 861 507 923 duo
533 860 611 922 soles
641 858 754 921 aemula
773 855 961 918 similitudine
987 855 1129 918 uisantur.
1171 855 1225 917 alia
1249 863 1397 938 praetereo
1420 854 1552 917 eiusdem
1567 871 1625 926 (ess)

448 962 530 1027 modi
543 961 679 1042 plurima,
700 978 774 1040 quae
788 965 893 1021 tractat
913 958 1064 1020 uolumine
1085 958 1196 1039 ingenti
1216 957 1405 1022 Archimedes
1428 958 1555 1038 Syracu-

449 1083 550 1138 sanus,
564 1063 612 1125 uir
625 1063 656 1125 in
670 1063 753 1124 omni
767 1061 886 1141 quidem
901 1061 1061 1140 geometria
1075 1063 1203 1122 multum
1218 1067 1285 1122 ante
1305 1061 1377 1123 alios
1396 1060 1556 1129 admirabi-

406 1154 409 1160 ’
447 1168 482 1231 lis
507 1165 679 1238 subtilitate,
705 1165 756 1226 sed
774 1163 853 1225 haud
877 1163 969 1224 sciam
994 1181 1032 1225 an
1051 1170 1172 1243 propter
1195 1164 1253 1224 hoc
1276 1164 1325 1224 uel
1344 1163 1470 1226 maxime
1489 1181 1554 1224 me-

448 1267 618 1340 morandus,
635 1266 714 1347 quod
728 1266 894 1347 inspexerat
908 1267 1061 1346 speculum
1078 1283 1163 1347 saepe
1178 1283 1211 1325 ao
1227 1265 1387 1345 diligenter.
1418 1285 1505 1345 quem
1520 1272 1554 1328 tu
1571 1275 1587 1325 5

447 1371 566 1444 librum,
581 1369 750 1443 Aemiliane,
766 1368 791 1430 si
804 1385 910 1428 nosses
925 1385 958 1426 ac
972 1385 1033 1428 non
1048 1368 1137 1428 modo
1159 1386 1263 1448 campo
1285 1375 1315 1430 et
1328 1368 1428 1447 glebis,
1449 1386 1554 1430 uerum

448 1473 536 1535 etiam
550 1472 639 1532 abaco
660 1478 689 1531 et
702 1469 867 1551 puluisculo
882 1476 911 1531 te
925 1468 1067 1544 dedisses,
1087 1470 1160 1531 mibi
1177 1470 1256 1532 istud
1271 1470 1366 1545 crede,
1387 1487 1554 1550 quanquam

446 1573 632 1635 teterrinmm
653 1591 686 1632 os
706 1578 791 1634 tuum
811 1570 968 1633 minimum
984 1590 1000 1632 a
1015 1572 1269 1652 Thyesta'tragIco
1290 1573 1436 1646 demutet,
1456 1580 1556 1635 tamen

447 1675 580 1757 profecto
595 1673 725 1736 discendi
739 1673 874 1754 cupidine
889 1673 1042 1754 speculum
1056 1658 1209 1748 inuiseres,
1229 1681 1259 1736 et
1276 1675 1430 1756 aliquando
1451 1675 1552 1737 relicto
1568 1688 1625 1740 (m)

394 1801 397 1807 ·
448 1785 544 1841 aratro
560 1777 700 1839 mirarere
713 1781 758 1837 tot
772 1775 803 1836 in
817 1776 889 1837 facie
904 1776 1066 1846 tuasulcos
1081 1794 1230 1856 rugarum.
1395 1855 1398 1860 ι
1572 1789 1603 1840 10

533 1879 571 1941 dt
589 1899 644 1959 ego
664 1896 727 1941 non
740 1877 845 1952 mirer,
866 1878 891 1940 si
909 1877 982 1963 boni
1001 1879 1130 1941 consulis
1150 1898 1198 1940 me
1218 1879 1254 1940 de
1273 1879 1330 1941 isto
1346 1877 1554 1941 distortissimo

308 1984 534 2048 smera-‚uultu
547 1981 715 2056 mediocre,
731 1982 768 2042 de
781 1980 915 2042 moribus
933 1980 992 2042 tuis
1004 1982 1098 2044 multo
1110 1987 1195 2044 trucu
1204 1978 1225 2066 111
1239 1982 1409 2044 lentioribus
1424 1979 1554 2042 reticere.

447 2089 547 2149 iteres
562 2090 621 2146 est:
636 2091 751 2165 praeter
765 2084 844 2163 quod
855 2101 917 2144 non
933 2100 1000 2143 sum
1017 2083 1172 2163 iungimus,
1188 2086 1275 2147 etiam
1288 2085 1411 2148 libenter
1421 2089 1451 2143 te
1461 2101 1556 2164 nuper

449 2206 542 2266 usque
556 2187 640 2249 albus
654 2204 692 2249 an
707 2193 768 2247 ater
781 2204 861 2247 esses
875 2185 1009 2266 ignoraui
1029 2192 1059 2247 et
1077 2187 1172 2249 adhuc
1190 2188 1287 2250 hercle
1306 2207 1368 2251 non
1383 2190 1452 2252 satis
1472 2190 1553 2253 noui.

448 2288 558 2359 idideo
573 2288 693 2363 factum,
708 2289 787 2369 quod
801 2295 831 2349 et
844 2295 877 2350 tu
890 2288 1059 2350 rusticando
1075 2288 1219 2352 obscurus
1238 2310 1270 2352 es
1291 2299 1320 2352 et
1339 2311 1393 2372 ego
1414 2291 1552 2354 discendo
1573 2303 1604 2353 15

450 2397 619 2471 occupatus.
650 2391 690 2452 ita
709 2397 739 2453 et
758 2390 811 2453 tibi
830 2390 935 2452 umbra
953 2390 1141 2470 ignobilitatis
1162 2411 1179 2453 a
1198 2394 1356 2473 probatore
1376 2395 1498 2469 obstitit,
1525 2402 1554 2457 et
1568 2415 1626 2468 (cea)
1661 2397 1664 2404 '

449 2511 671 2573 egonunquam
691 2492 790 2555 studui
804 2494 880 2554 male
893 2493 970 2554 facta
983 2493 1157 2573 cuiusquam
1168 2514 1355 2574 cognoscere,
1371 2498 1422 2559 sed
1438 2515 1556 2578 semper
1632 2537 1634 2541 -

381 2637 383 2640 >
449 2595 548 2677 potius
564 2595 632 2656 duxi
647 2614 713 2657 mea
731 2602 850 2675 peccata
868 2602 966 2675 tegere
987 2613 1076 2674 quarn
1097 2596 1190 2658 aliena
1213 2598 1357 2678 indagare.
1390 2600 1478 2680 igitur
1497 2601 1566 2662 boc.

450 2698 522 2759 mibi
537 2697 694 2760 aduersum
708 2703 737 2757 te
751 2716 809 2759 usu
823 2697 913 2772 uenit,
929 2698 1009 2778 quod
1024 2698 1074 2777 qui
1088 2700 1165 2760 forte
1180 2701 1311 2762 constitit
1323 2701 1354 2763 in
1365 2703 1430 2764 loco
1442 2701 1553 2764 lumIne

448 2801 630 2861 conlustrato
646 2807 731 2880 atque
747 2818 815 2861 eum
829 2801 902 2861 alter
916 2819 932 2861 e
946 2801 1074 2862 tenebris
1089 2808 1265 2883 prospectat.
1291 2804 1409 2865 namad
1425 2804 1551 2866 eundem
1569 2813 1602 2865 20

448 2902 572 2964 modum
586 2909 619 2961 tu
635 2901 752 2980 quidem
768 2901 837 2981 quid
858 2920 911 2981 ego
932 2903 962 2965 in
982 2904 1138 2982 propatulo
1153 2887 1187 2964 'et
1202 2905 1308 2967 celebri
1327 2925 1420 2988 agam,
1440 2907 1554 2968 facilee

446 3002 575 3065 tenebris
590 3001 647 3063 tuis
662 3001 821 3078 arbitraris,
836 3022 905 3065 cum
919 3005 983 3087 ipse
996 3005 1159 3090 bumilitate
1173 3007 1287 3071 abditas
1305 3016 1334 3071 et
1352 3010 1478 3090 lucifuga
1491 3027 1554 3072 non
1666 3079 1670 3083 ,

448 3106 489 3168 sis
504 3105 577 3168 mibi
590 3111 695 3167 mutuo
711 3105 898 3187 conspicuus.

467 3383 483 3431 2
501 3379 584 3431 Treta.
602 3377 661 3427 ohil.
679 3377 817 3428 11111451.
1133 3408 1135 3414 ,
1254 3353 1256 3356 ¹
1376 3383 1384 3412 a

499 3642 529 3706 ,1
547 3641 611 3692 duos
627 3638 681 3710 sp,
702 3641 751 3691 duo
771 3655 789 3691 r
815 3637 820 3708 Ι
845 3646 980 3707 praetereo
1001 3643 1106 3712 eeripaa‘:
1127 3649 1246 3709 preterea
1265 3643 1329 3714 va
1353 3643 1360 3712 Ι
1386 3644 1551 3709 cedemus

446 3775 598 3839 eiuscemodi
611 3754 755 3829 Groalofiua
775 3772 786 3842 b
809 3733 1028 3848 tuouueue⁵p
1055 3776 1059 3847 Ι
1083 3777 1250 3832 siracusanus
1261 3779 1306 3849 Frp
1324 3778 1329 3848 1
1349 3784 1410 3849 ‹pa’e
1421 3785 1550 3849 margine:

446 3911 611 3969 archimedes.
636 3909 737 3962 Laudes
753 3909 910 3962 Archimedis
927 3912 1075 3964 siracusaui.
1099 3913 1120 3966 V
1137 3917 1163 3965 a'rr
1174 3918 1306 3982 margins:
1322 3879 1477 3975 arebibmdes
1500 3914 1511 3985 ΙΙ
1534 3919 1551 3970 4
1611 3964 1613 3969 .

445 3993 506 4033 baud
522 3996 633 4033 maaser.
973 3988 989 4015 ⁴

446 3991 522 4097 aut(
635 3991 674 4112 )φ
700 4042 704 4112 Ι
730 4046 822 4098 baeer
844 4043 855 4114 ΙΙ
879 4045 998 4107 agroru
1027 4045 1038 4115 11
1066 4051 1080 4099 7
1102 4065 1248 4118 quamquam
1264 4067 1281 4102 v
1304 4048 1314 4119 11
1339 4050 1463 4103 Stbiesta
1475 4051 1549 4120 epe:

447 4127 550 4195 'lbyade
566 4123 747 4178 Bourdelotius
767 4124 777 4193 ΙΙ
800 4127 829 4178 11
852 4129 971 4179 eonsules
983 4125 1127 4180 Seriverius
1150 4127 1161 4197 ΙΙ
1186 4131 1217 4181 13
1234 4130 1270 4183 ita
1286 4131 1403 4183 Marses:
1417 4147 1448 4182 ea
1460 4130 1524 4200 Frpv'
1547 4128 1552 4196 Ι

446 4206 470 4275 p*
482 4208 505 4259 a*
517 4210 550 4275 pd
562 4207 592 4273 F,
608 4214 695 4274 preter
708 4207 807 4276 quodrp
834 4209 838 4274 Ι
864 4209 980 4260 curiosus
992 4209 1160 4278 ’41ίά111111]
1186 4211 1216 4261 14
1228 4217 1255 4260 ot
1267 4227 1316 4262 om.
1328 4228 1357 4264 v:
1373 4213 1420 4284 ,v
1436 4215 1464 4264 ab
1480 4228 1551 4265 mar·

443 4287 506 4356 gine
531 4287 535 4355 Ι
562 4288 631 4339 ercle
643 4287 688 4356 Frp
705 4285 722 4356 11
748 4288 778 4338 15
791 4287 847 4339 ideo
859 4293 962 4359 aera'prr‘:
976 4292 1039 4342 adeo
1052 4291 1121 4359 Fch
1145 4289 1154 4358 11
1179 4291 1211 4342 16
1221 4293 1385 4359 approbatori
1397 4294 1426 4347 V
1424 4294 1550 4361 cleonice,

446 4369 477 4420 ab
485 4369 659 4435 approbarem
673 4366 786 4434 tirellus,
799 4371 953 4437 approbator
963 4373 1004 4425 vel
1015 4373 1169 4440 approbator
1180 4372 1313 4440 Aetdalior
1336 4373 1347 4443 ΙΙ
1372 4377 1403 4428 19
1415 4376 1521 4428 1111111111
1543 4375 1552 4444 ΙΙ

446 4449 479 4501 22
491 4449 625 4501 arbitrante
636 4453 663 4502 in
675 4468 697 4518 φ
708 4467 790 4519 supra
801 4468 851 4504 ser.
863 4469 970 4504 amarias
980 4470 1021 4523 pr.
1049 4452 1054 4521 Ι
1084 4451 1184 4505 abditus
1198 4451 1375 4512 Carnabonta:
1389 4457 1474 4512 abdita
1486 4455 1550 4526 Frpr

444 4527 454 4596 11
478 4529 511 4582 23
523 4529 597 4582 mi⁰l²i
608 4530 638 4597 F,
649 4532 708 4591 miti
719 4535 747 4589 to
759 4550 783 4608 φ
793 4548 875 4608 supra
884 4549 937 4586 scr.
958 4532 970 4606 ΙΙ
