3867 5559
819 745 1007 798 PRAEFATIO
1404 768 1461 810 xvn

360 901 464 968 meriti
494 909 568 967 sunt
594 899 795 986 Iosephus
818 895 1006 983 Scaliger
1035 906 1067 964 et
1091 896 1285 964 Claudius
1309 897 1460 964 Salma-

360 1007 454 1073 sius.
500 1006 545 1070 Et
573 1002 744 1071 Salmasi
773 1002 902 1091 quidem
925 1003 1001 1067 olim
1025 1011 1094 1068 erat
1108 1003 1265 1069 <editionis
1289 1004 1461 1070 Vulcania-

359 1136 421 1179 nae
443 1113 565 1200 primae
589 1107 752 1198 (111594)
776 1109 941 1196 exemplar
957 1108 1011 1195 (N.
1028 1109 1103 1173 345.
1129 1108 1238 1197 Gertz),
1264 1110 1354 1176 cuius
1369 1133 1461 1176 usum

360 1217 595 1284 Bethmanni
628 1215 840 1282 bibliothecae
864 1213 1138 1300 Guelferbytanae
1166 1217 1323 1302 praefecti
1350 1217 1460 1284 huma

361 1325 444 1391 nitas
467 1323 546 1388 mihi
570 1321 737 1387 concessit.
784 1320 939 1408 plurimae
967 1330 1041 1386 sunt
1064 1344 1143 1408 quas
1166 1321 1200 1386 in
1223 1321 1369 1408 margine
1391 1310 1462 1388 Sal-

359 1429 478 1496 masius
501 1426 670 1514 adscripsit
691 1427 836 1492 notulae:
860 1436 971 1492 carent
993 1448 1070 1492 vero
1095 1426 1329 1513 significatione
1352 1429 1461 1511 fontis,

360 1534 445 1602 unde
468 1536 601 1600 haustae
625 1533 697 1616 sint,
722 1554 844 1613 omnes,
868 1533 913 1598 ita
935 1542 972 1598 ut
994 1555 1059 1598 non
1078 1556 1204 1619 semper
1219 1532 1374 1620 distingui
1388 1556 1461 1620 pos·

359 1641 415 1725 sit,
446 1650 552 1706 utrum
581 1637 716 1702 aliorum
745 1660 786 1703 an
815 1638 914 1725 ipsius
934 1638 1006 1703 *viri
1033 1638 1233 1704 celeberrimi
1257 1638 1461 1705 coniecturae

359 1746 423 1812 sint
445 1769 486 1810 an
510 1743 630 1809 codicis
655 1741 820 1808 deterioris
843 1743 1005 1809 Fuxensis
1028 1744 1200 1826 lectionesj·
1221 1744 1312 1810 cuius
1335 1743 1461 1831 copiam

359 1876 393 1917 se
416 1851 566 1916 habuisse
589 1857 698 1915 narrat
721 1853 764 1914 ud
785 1851 878 1915 Solia.
896 1873 929 1933 p.
946 1851 1022 1916 662.
1059 1873 1142 1937 quae
1166 1850 1244 1914 mihi
1267 1850 1397 1937 quidem
1420 1872 1461 1914 ex

359 1957 489 2044 ingenio
512 1954 651 2022 Salmasi
672 1956 817 2041 profecta
834 1954 1027 2021 videbantur
1044 1955 1244 2041 diorthotica‚
1270 1955 1377 2021 omnia
1393 1955 1461 2043 ipse

359 2061 503 2145 excussi,
534 2083 608 2126 oum
632 2061 798 2146 exemplar
819 2059 909 2144 illud,
933 2061 1024 2128 cuius
1047 2061 1081 2126 in
1103 2063 1209 2127 fronte
1231 2061 1351 2148 legitur
1373 2063 1461 2125 ‹Sol-

358 2172 450 2233 maaii
472 2175 542 2247 111),
569 2165 710 2231 nondum
734 2189 773 2231 ea
797 2188 860 2252 qua
881 2190 940 2254 par
963 2175 1012 2233 est
1035 2166 1240 2233 accuratione
1265 2169 1306 2233 ab
1333 2166 1461 2233 editori·

359 2275 419 2340 bus
442 2258 620 2338 adhibitum
642 2269 832 2356 viderem.¹)

446 2376 560 2464 Magni
583 2386 690 2442 autem
713 2373 824 2441 Soali
831 2375 919 2464 geri
943 2376 1047 2442 studia
1063 2376 1244 2465 Apuleiana
1266 2377 1300 2442 in
1323 2376 1462 2443 editione

359 2484 561 2550 Vulcaniana
584 2480 725 2547 secunda
748 2480 791 2568 (a.
812 2481 909 2570 1600)
934 2491 1055 2564 extant,
1079 2482 1119 2547 de
1143 2507 1206 2570 qua
1223 2484 1296 2549 vide
1312 2487 1461 2568 Beraays.

359 2593 472 2674 Sculip.
493 2613 523 2673 p.
541 2591 615 2654 289.
653 2608 792 2674 namque
815 2588 909 2653 huius
933 2588 1081 2653 editionis
1104 2590 1144 2655 ab
1160 2589 1335 2655 editoribus
1351 2613 1460 2655 recen-

360 2695 500 2778 tissimis,
524 2693 670 2758 Bosscha
693 2701 725 2756 et
747 2693 991 2775 Hildebrandio,
1016 2717 1146 2780 prorsus
1170 2697 1338 2781 neglectae
1354 2706 1460 2762 aucto-

360 2825 429 2868 rem
452 2824 521 2866 esse
544 2797 746 2885 Scaligerum
768 2799 955 2886 aequalibus
979 2799 1046 2864 eius
1070 2822 1257 2886 persuasum
1286 2811 1363 2868 erat.
1411 2826 1461 2869 ce-

360 2919 464 2974 terum
496 2907 615 2972 frustra
647 2914 837 2990 argumenta
866 2905 1096 2992 circumspexi,
1133 2906 1247 2992 quibus
1276 2930 1345 2973 rem
1374 2917 1463 2975 extm

291 3029 297 3045 '
360 3012 591 3079 dubitationem
613 3032 777 3097 ponerem.
816 3006 881 3075 a'dii
904 3012 1136 3095 ‹Scaligeraaw
1159 3035 1240 3099 quae
1265 3013 1414 3079 dicuntur
1431 3024 1463 3079 et

360 3116 517 3206 Scaligeri
541 3116 704 3205 epistulas,
728 3139 800 3181 cum
823 3116 856 3181 in
879 3115 928 3180 his
951 3116 1125 3203 vestigium
1146 3116 1274 3204 aliquod
1296 3118 1380 3184 illius
1397 3119 1461 3184 edi-

360 3222 456 3290 tionis
489 3245 541 3288 me
570 3221 842 3309 deprehensarum
874 3244 943 3287 esse
973 3244 1151 3308 sperarem:
1187 3223 1250 3288 adii
1281 3221 1462 3291 Oasauboni

359 3331 592 3412 ‹ephemerides›
619 3330 763 3411 (Oronti,
794 3325 962 3412 a.1850),
994 3350 1067 3392 cum
1089 3325 1290 3415 Scaligerum
1317 3338 1463 3417 putarem

361 3433 401 3499 ad
430 3434 569 3501 amicum
596 3433 762 3520 exemplar
784 3430 932 3498 editionis
956 3455 1032 3498 suae
1055 3434 1144 3500 velut
1167 3429 1317 3517 ἅντίδωρον
1340 3435 1463 3501 misisse

360 3550 393 3605 et
420 3540 506 3606 hunc
536 3539 570 3608 in
596 3538 676 3607 actis
700 3538 762 3604 illis
785 3538 907 3604 diurnis
932 3561 974 3603 ex
995 3561 1085 3605 more
1108 3540 1203 3628 su02)
1227 3540 1260 3606 id
1284 3539 1461 3608 adnotasse.

368 3701 562 3708 ..ψ’-.-

431 3771 458 3833 1)
478 3767 617 3836 Specimen
634 3766 715 3822 huius
733 3766 867 3832 editionis,
886 3766 1045 3820 varietatem
1063 3767 1123 3822 dico
1141 3767 1264 3824 lectionis
1283 3770 1318 3823 ad
1335 3769 1418 3825 libros
1431 3771 1464 3824 de

359 3850 470 3916 mundo,
494 3851 527 3905 de
544 3852 726 3921 philosophia,
749 3851 850 3904 dedeo
869 3851 996 3916 Socratis,
1016 3851 1050 3904 ad
1068 3850 1223 3906 floridorum
1241 3853 1324 3909 libros
1343 3856 1464 3920 Ι-ΙΠΙ,

360 3935 394 3988 ad
415 3935 550 4003 dialogum
568 3936 703 3991 Hermetis
721 3934 878 4003 Trimegisti
899 3940 927 3988 et
948 3936 1198 4004 metamorphoseon
1219 3938 1303 3992 libros
1321 3939 1418 3992 I—VI
1436 3939 1462 3991 in

361 4021 442 4072 Iabas'
459 4023 547 4074 annot.
566 4022 650 4087 suppl.
668 4038 693 4074 a.
713 4024 790 4074 1842.
824 4020 866 4071 VI
877 4038 906 4086 p.
926 4024 1077 4073 oar-638
1099 4019 1201 4086 publici
1225 4020 1291 4075 iuris
1316 4022 1381 4075 fecit
1399 4037 1462 4076 ano·

359 4120 454 4173 nymus
473 4104 592 4171 quidam:
614 4103 684 4158 unde
702 4103 746 4157 hic
763 4102 896 4170 hauserit,
916 4118 984 4171 quae
1003 4103 1215 4158 deiectionibus
1234 4104 1334 4173 dialogi
1351 4107 1463 4159 Herme-

359 4187 395 4242 tis
405 4187 562 4256 Trimegisti
571 4189 656 4255 affert,
667 4187 790 4255 equidem
798 4187 902 4253 nesci03
916 4192 989 4240 certe
1000 4187 1145 4242 Salmasius
1155 4188 1189 4242 ad
1198 4189 1249 4243 hoc
1258 4188 1387 4257 scriptum
1397 4188 1464 4241 nihil

359 4271 516 4407 adnoilnlt
533 4342 685 4410 exemplum
703 4341 820 4408 afferam,
842 4341 910 4394 haec
927 4341 1036 4408 scripsit
1055 4342 1228 4397 Oasaubonus
1246 4343 1314 4396 Idib,
1333 4343 1464 4397 Februar.

359 4442 384 4480 a.
410 4427 490 4480 1600:
514 4427 667 4476 ‘Manilium
688 4426 816 4494 Scaliperi
840 4429 928 4492 occepi
950 4427 1025 4478 bodie
1049 4437 1072 4478 et
1095 4427 1183 4479 literas
1202 4446 1219 4478 α
1237 4428 1326 4479 divino
1346 4429 1390 4480 illo
1409 4430 1465 4480 ciro

360 4512 450 4562 arcrilo
466 4511 648 4578 qratbaimasa

1243 4604 1265 4656 B
