3867 5559
831 754 1001 808 arenosis
1117 789 1119 793 ,
1433 757 1471 819 13
1545 834 1550 841 1

293 841 336 884 Ed.
356 840 459 884 Oudsnd
1452 841 1536 881 fillius.
1551 840 1612 882 wls.

364 917 395 970 et
406 910 654 972 Lacedaemonius
674 909 786 972 etGiur
805 929 873 971 cum
892 910 955 970 eliis
976 909 1264 983 imumer1s3etiam
1279 909 1384 971 mulier
1398 909 1471 970 Les·

294 1028 351 1082 (roo)
364 1011 425 1085 hia,
441 1013 549 1075 lasciue
563 1013 611 1073 illa
625 1008 638 1096 ΙΙ
654 1012 772 1092 quidem
785 1003 924 1090 tantaque
938 1011 1043 1090 gratie,
1064 1018 1098 1072 ut
1112 1009 1197 1073 nobis
1213 1010 1398 1072 insolentiam
1412 1012 1471 1072 lin-

364 1132 437 1192 guae
452 1126 522 1176 suae
533 1115 685 1176 dulcedine
696 1113 860 1175 carminum
872 1113 1074 1188 commendem
1091 1112 1167 1193 apud
1178 1130 1235 1175 nos
1245 1130 1318 1174 uero
1330 1111 1471 1174 Aedituus

365 1221 395 1275 et
404 1216 523 1278 Portius
534 1224 563 1277 et
574 1218 701 1290 Catulus,
717 1216 765 1278 isti
777 1235 894 1295 quoque
913 1213 918 1292 Ι
938 1236 1006 1279 eum
1021 1216 1084 1276 eliis
1099 1214 1271 1278 innumeris.
1281 1205 1326 1274 ‘at
1337 1215 1471 1294 philoso-
1481 1235 1497 1276 r.
1505 1238 1539 1276 er.

328 1333 343 1382 5
365 1317 416 1396 phi
431 1336 493 1378 non
506 1318 611 1381 fuere’.
644 1337 718 1381 num
732 1319 820 1398 igitur
835 1318 922 1379 etiam
939 1318 1081 1379 Solonem
1096 1318 1188 1380 fuisse
1203 1316 1314 1378 serium
1329 1317 1428 1379 uirum
1443 1324 1472 1379 et
1578 1304 1579 1309 ¹

364 1418 574 1500 philosophum
589 1419 731 1500 negabis?
753 1422 837 1483 cuius
848 1421 899 1482 ille
914 1420 1126 1482 lasciuissimus
1140 1421 1246 1482 uersus
1262 1426 1320 1480 est:

448 1523 559 1604 μηρῶν
580 1514 715 1606 ἱμείρων
736 1518 794 1585 καὶ
815 1519 969 1606 γλυκεροῦ
989 1516 1164 1602 στόματος.

386 1725 400 1772 3
420 1719 484 1775 Gell.
497 1724 595 1774 XVIIII
608 1727 631 1786 9,
646 1727 773 1774 10-14:
796 1733 848 1774 tum
866 1727 1008 1790 resupinus,
1031 1727 1112 1790 capite
1131 1725 1275 1787 oonuelsto,
1294 1739 1356 1777 noue
1375 1728 1418 1778 ad-

419 1809 521 1857 modum
544 1824 619 1872 quarn
642 1810 725 1870 sunni,
750 1824 836 1859 uersus
859 1811 949 1860 cecinit
971 1810 1055 1859 Valeri
1073 1809 1185 1872 Aeditui,
1207 1810 1297 1859 ueteris
1321 1818 1418 1876 poetae,

420 1893 480 1941 item
497 1889 581 1942 Porcii
599 1894 679 1944 Licini
698 1901 722 1943 et
741 1891 772 1960 Q.
792 1894 885 1957 Catnh,
904 1895 991 1956 quibus
1009 1895 1132 1958 mundius,
1151 1894 1285 1955 uenustius,
1303 1895 1418 1957 Amanus,

420 1977 519 2041 tersius,
544 1975 668 2029 Graecum
686 1979 835 2029 Latinumue
859 1979 921 2028 nihil
944 1978 1076 2040 quicquam
1093 1978 1195 2041 reperiri
1212 1983 1281 2042 puto.
1319 1981 1418 2029 Aeditui
1487 1989 1489 1994 ·

421 2075 521 2111 uersus:

490 2145 581 2195 Dicere
599 2160 656 2195 oum
673 2161 751 2196 conor
769 2144 854 2196 curam
872 2145 924 2207 tibi,
943 2145 1084 2208 Pamphila,
1102 2146 1191 2208 cordis,

546 2228 611 2289 Quid
629 2231 664 2279 mi
681 2231 725 2279 abs
743 2238 768 2279 te
786 2245 917 2293 quaeram:
936 2230 1014 2279 uerba
1030 2230 1105 2279 labris
1123 2231 1222 2290 abeunt,

491 2312 540 2361 Per
556 2321 643 2375 peetus
662 2321 748 2363 manat
765 2314 845 2363 subito
866 2311 993 2379 [pelidae]
1014 2314 1074 2362 mihi
1092 2315 1174 2363 sudor.

545 2394 586 2445 Sic
604 2397 692 2446 tacitus
710 2382 821 2461 cupidae
839 2395 901 2446 dam
913 2395 1002 2461 pudeo
1020 2409 1104 2459 pereo.

421 2479 503 2541 Atque
528 2479 594 2528 idem
615 2481 676 2530 ahos
694 2495 780 2530 uersus
799 2481 910 2531 eiusdem
927 2480 1033 2544 addidit,
1055 2493 1106 2528 non
1124 2480 1208 2530 hercle
1226 2482 1307 2531 minus
1325 2483 1417 2548 dulces,

421 2577 496 2625 qnam
513 2563 620 2626 prioresr

492 2645 542 2706 Qui
560 2647 668 2697 faculam
685 2648 803 2712 praefers,
822 2650 943 2715 Phileros,
961 2654 1049 2713 quaest
1066 2647 1151 2716 ni(hi)l
1169 2664 1230 2714 opus
1248 2647 1338 2699 nobis?

545 2732 638 2782 lbImus
655 2733 700 2795 sie,
717 2733 783 2783 lucet
800 2740 901 2797 pectore
918 2734 1020 2782 flamma
1037 2734 1104 2785 sutis.

491 2815 569 2866 Istam
586 2830 646 2865 narn
662 2802 727 2881 potis¹
744 2824 782 2867 est
798 2817 836 2866 uls
854 2831 931 2868 saeua
947 2817 1092 2880 extinguere
1109 2817 1178 2867 uenti

545 2901 597 2949 Aut
614 2900 694 2950 imber
710 2902 780 2951 caelo
798 2902 917 2951 candidus
936 2900 971 2965 (l)
988 2900 1162 2965 praecipitans.

493 2982 528 3033 At
546 2992 632 3034 contra
648 2985 718 3034 hune
735 2985 820 3049 ignem
838 2985 950 3048 Veneris,
967 2985 1015 3034 nisi
1033 2986 1054 3034 si
1071 2985 1157 3035 Vsum
1175 2986 1237 3051 ipss,

545 3067 643 3118 Nullast
659 3083 723 3133 qnae
741 3070 818 3133 possit
836 3069 873 3118 uis
891 3070 939 3118 alia
957 3069 1103 3134 opprimere.

422 3148 485 3200 ltem
503 3149 564 3202 dixit
581 3166 667 3202 uersus
684 3153 768 3202 Porcii
783 3152 864 3202 Licini
881 3156 971 3209 hosce:

494 3234 614 3286 Custodes
632 3236 718 3286 onium
736 3244 884 3301 teneraeque
902 3238 1051 3302 propaginis,
1070 3252 1172 3301 agnum,
1191 3233 1226 3302 (i)

546 3318 670 3379 Quaeritis
686 3319 788 3386 ignem?
805 3322 842 3371 Ite
859 3323 919 3373 huc.
956 3319 1099 3381 Quaeritis?
1116 3321 1184 3385 Ignis
1202 3325 1309 3372 homost.

494 3403 520 3453 Si
538 3405 615 3468 digito
632 3406 745 3469 attigero,
763 3407 895 3456 incendam
912 3407 1001 3456 siluam
1018 3406 1091 3455 simul
1108 3419 1218 3468 omnem,

394 3553 397 3558 Ι
547 3487 628 3538 Omne
644 3504 722 3554 pecus
739 3491 870 3554 flammast,
888 3491 973 3542 omnia
991 3505 1040 3554 qua
1056 3489 1137 3542 uideo.

423 3569 512 3633 Quinti
528 3572 609 3623 Catuli
626 3588 713 3623 uorsus
731 3575 765 3623 illi
783 3575 895 3625 fuerunt:

494 3657 600 3723 Aufugit
615 3655 700 3723 mi(bi)
718 3658 824 3712 animus.
860 3659 950 3723 Credo,
969 3665 997 3709 ut
1014 3661 1084 3723 solet,
1102 3659 1134 3709 ad
1152 3657 1313 3708 Theotimum

545 3739 662 3793 Deuenit.
699 3740 739 3792 Sic
758 3749 804 3792 est:
824 3743 964 3808 perfugium
982 3742 1041 3793 illud
1059 3743 1143 3794 habet.

494 3826 550 3890 Qui,
569 3826 590 3876 si
607 3841 657 3876 non
676 3827 830 3891 interdixem,
850 3824 886 3892 (l)
905 3842 936 3876 ne
954 3827 1029 3876 illunc
1048 3826 1178 3889 fugitiuum

546 3912 656 3961 Mitteret
673 3911 704 3960 ad
723 3925 750 3960 se
769 3911 843 3974 intro,
861 3912 903 3961 sed
922 3912 1001 3975 magis
1020 3909 1128 3961 eiceret?

494 3992 586 4045 ibimus
604 3994 750 4059 quaesitum.
786 3978 940 4058 Verumsne
958 3995 1004 4059 ipsi
1022 4002 1158 4058 teneamur,

513 4115 514 4118 ,
546 4079 672 4132 Formido.
709 4079 775 4140 Quid
793 4078 861 4145 ago?
879 4080 928 4143 Da,
947 4079 1042 4142 Venus,
1061 4077 1198 4128 consilium.

389 4163 402 4210 t
421 4161 487 4215 Plnt.
501 4162 584 4214 Amat.
598 4179 620 4216 c.
634 4165 661 4214 5:
681 4149 708 4213 sl
726 4181 753 4232 ys
773 4151 799 4228 rip
817 4158 879 4228 Δία,
896 4159 951 4231 ἔφη,
970 4155 1012 4213 rod
1026 4153 1138 4220 Σᾶλωνος
1156 4150 1282 4230 ἐμνήσθης
1299 4162 1339 4213 καὶ
1356 4181 1421 4233 χρη-

439 4368 459 4418 1.
469 4365 655 4418 CinsBorrelm:
669 4368 732 4418 ciuis
749 4366 822 4435 Fcpv:
836 4366 902 4417 Ceus
916 4366 1028 4430 Celsius,
1046 4364 1112 4416 Ceus
1125 4366 1260 4433 Bruutt‘us,
1277 4363 1351 4415 Chius
1371 4362 1475 4417 Grorlo·

371 4504 423 4552 tius
448 4501 455 4569 Ι
477 4510 504 4553 et
520 4503 595 4553 etium
608 4502 722 4554 Berroka
746 4501 757 4571 i
781 4445 1184 4569 ,dulcssetnlpnssnptpmium
1215 4496 1219 4566 l
1251 4498 1366 4551 Catullus
1383 4517 1400 4551 v
1428 4498 1438 4566 ΙΙ
1460 4500 1475 4549 5

370 4598 459 4634 uerum
471 4591 498 4634 ct
509 4583 563 4653 Ilm,
575 4585 657 4636 uirum
669 4590 743 4652 utque
753 4601 776 4636 v:
791 4584 885 4635 serium
900 4598 1018 4634 seuerum
1032 4589 1058 4632 et
1071 4579 1266 4633 Hildolrrundiar
1281 4579 1293 4649 ΙΙ
1322 4583 1336 4630 ‘l
1354 4579 1476 4666 Mbl’orN
