3867 5559
449 699 490 760 54
787 692 817 744 e.
836 689 959 744 arvmr
976 688 1212 745 moamnusrs

306 785 322 825 1.
331 785 393 826 nto.
409 782 482 826 mlb.
1466 777 1509 818 Ed.
1526 776 1639 821 ondens.

456 855 486 909 et
498 848 535 909 ad
550 846 728 909 obliuionem
749 844 947 926 praesentium
965 843 1125 908 customari
1144 851 1174 906 et
1192 844 1339 925 paulisper
1357 849 1473 907 remota
1491 861 1564 925 cor·

456 950 537 1031 poris
552 948 696 1010 memoria
709 946 801 1026 redigi
815 964 850 1009 ac
862 945 958 1008 redire
973 946 1010 1007 ad
1023 952 1159 1008 naturam
1174 963 1268 1020 suam,
1288 964 1361 1025 quae
1375 951 1421 1008 est
1434 945 1564 1008 immor·

457 1052 524 1113 talis
538 1049 647 1112 scilicet
661 1057 690 1109 et
705 1048 813 1122 diuina
828 1054 915 1127 atque
929 1047 969 1109 ita
983 1047 1065 1108 uolut
1080 1046 1207 1126 quodam
1224 1065 1332 1126 sopore
1345 1047 1445 1108 futura
1459 1066 1564 1110 rerum

457 1168 637 1232 praesagare.
666 1167 771 1211 uerum
786 1147 950 1222 enimuero,
964 1155 999 1209 ut
1012 1147 1068 1209 ista
1083 1166 1148 1209 sese
1161 1147 1278 1222 habent,
1294 1149 1318 1209 si
1330 1167 1386 1227 qua
1397 1148 1469 1210 fides
1480 1148 1563 1210 hisce

456 1251 545 1314 rebus
559 1251 753 1332 impertienda
767 1255 821 1323 est,
837 1249 923 1310 debet
937 1249 985 1311 ille
999 1250 1098 1312 nescio
1115 1249 1165 1328 qui
1178 1267 1252 1328 puer
1265 1249 1416 1328 prouidus,
1433 1246 1445 1332 ΙΙ
1467 1266 1563 1329 quan-
1585 1264 1602 1315 5

456 1362 521 1415 tum
541 1371 595 1432 ego
615 1351 712 1425 audio,
734 1358 764 1411 et
782 1367 907 1430 corpore
927 1350 1051 1413 decorus
1072 1356 1158 1428 atque
1179 1349 1291 1430 integer
1309 1351 1395 1430 deligi
1414 1358 1444 1412 et
1461 1349 1563 1413 animo

458 1455 562 1517 sollers
584 1460 613 1515 et
631 1470 682 1515 ore
702 1452 856 1525 facundus,
877 1458 910 1513 ut
924 1451 957 1513 in
977 1471 1012 1513 eo
1036 1458 1087 1514 aut
1105 1451 1204 1513 diuina
1223 1458 1354 1532 potestas
1374 1452 1456 1531 quasi
1473 1451 1564 1515 bonis

457 1556 577 1619 aedibus
592 1555 679 1635 digne
693 1555 868 1628 diuersetur,
883 1553 908 1615 si
922 1561 1020 1615 tamen
1041 1572 1073 1614 ea
1087 1553 1171 1634 pueri
1191 1571 1316 1634 corpore
1335 1553 1503 1628 includitur,
1522 1570 1562 1615 an
1577 1575 1635 1629 (sse)

457 1658 519 1739 ipse
534 1657 651 1719 animus
665 1655 832 1736 expergitus
846 1654 904 1716 cito
925 1655 962 1714 ad
976 1654 1186 1716 diuinationem
1206 1673 1290 1716 suam
1310 1655 1468 1735 redigatur,
1488 1672 1565 1735 quac
1580 1663 1585 1671 “

457 1758 484 1819 ei
497 1765 635 1839 prompte
648 1757 735 1819 insita
749 1764 779 1818 et
792 1757 871 1818 nulla
886 1755 1034 1817 obliuione
1054 1755 1151 1818 saucia
1170 1762 1198 1816 et
1217 1756 1307 1820 hebes
1326 1756 1409 1818 lacilo
1427 1773 1563 1819 resuma·
1588 1770 1619 1822 tt

457 1866 515 1921 tur.
547 1875 609 1920 non
629 1858 708 1920 enim
729 1876 764 1919 ex
784 1858 866 1918 omni
886 1856 975 1936 ligno,
996 1864 1030 1918 ut
1048 1857 1226 1937 Pythagoras
1242 1857 1363 1932 dicebat,
1384 1857 1470 1919 debet
1483 1857 1563 1920 ller-

460 1961 560 2023 curius
575 1958 698 2040 erculpi.
729 1957 809 2038 quod
823 1957 848 2020 si
862 1958 902 2019 ita
916 1964 971 2032 est,
985 1958 1146 2032 nominate,
1168 1959 1233 2039 quis
1247 1960 1295 2021 ille
1315 1960 1404 2022 luerit
1421 1978 1497 2040 puer
1514 1977 1564 2021 sa·

458 2080 526 2136 nus,
547 2058 714 2133 incolumis,
734 2058 915 2138 ingeniosus,
936 2058 1071 2134 decorus,
1098 2079 1187 2139 quem
1207 2080 1260 2140 ego
1280 2061 1409 2123 carmine
1428 2060 1564 2140 dignatus

459 2163 516 2226 sim
541 2161 665 2223 initiare.
703 2167 834 2222 cetorum
855 2159 984 2234 Thallus,
1011 2178 1099 2240 quem
1124 2161 1310 2237 nominastis,
1330 2161 1444 2225 medico
1463 2161 1565 2242 potius

459 2282 547 2345 quam
563 2281 648 2341 mago
663 2262 782 2341 indiget.
812 2267 857 2321 est
871 2259 950 2322 enim
964 2260 1055 2322 miser
1074 2262 1181 2324 morbo
1195 2263 1333 2325 comitiali
1347 2262 1387 2325 ita
1401 2263 1564 2338 contectus,
1586 2286 1619 2339 η

459 2371 492 2427 ut
506 2371 551 2426 ter
568 2382 606 2425 an
621 2371 724 2444 quater
738 2363 784 2425 die
799 2380 885 2442 saepe
900 2378 1025 2424 numero
1047 2362 1110 2425 sine
1124 2364 1190 2425 ullis
1211 2364 1424 2427 cantaminibus
1445 2369 1565 2427 corruat

459 2467 616 2545 omniaque
630 2465 763 2527 membra
777 2463 1040 2526 conflictationibus
1055 2464 1193 2538 debilitet,
1208 2465 1281 2528 facie
1291 2466 1454 2539 ulcerosus,
1463 2464 1563 2527 fronte
1578 2485 1635 2538 (ooo)

459 2572 489 2627 et
508 2566 642 2646 occipitio
664 2571 886 2645 conquassatus,
907 2563 1000 2625 oculis
1019 2564 1124 2640 hebes,
1149 2566 1269 2628 naribus
1293 2566 1419 2641 hiulcus,
1439 2565 1565 2646 pedihus

459 2668 595 2731 caducus.
625 2667 771 2728 maximus
787 2664 921 2727 omnium
936 2683 1039 2744 magus
1054 2672 1108 2739 est,
1131 2685 1190 2746 quo
1206 2675 1358 2747 praesente
1373 2668 1495 2731 Thallus
1512 2667 1566 2731 diu

309 2769 589 2856 xxxmlllsteterit:
605 2769 644 2829 ita
658 2769 831 2848 plerumque
846 2766 951 2829 morbo
967 2785 1021 2828 ceu
1036 2784 1142 2829 somno
1158 2787 1282 2848 uergens
1297 2770 1461 2833 inclinatur.
1494 2787 1564 2833 eum
1585 2785 1620 2839 20

458 2876 558 2932 tamen
569 2889 625 2931 uos
637 2869 814 2931 carminibus
824 2867 898 2929 meis
910 2869 1217 2944 subuersumdixistis,
1230 2870 1309 2952 quod
1317 2872 1394 2934 forte
1405 2890 1454 2933 me
1464 2888 1566 2934 coram
1594 2931 1599 2942 ,

460 2972 551 3034 semel
566 2970 681 3032 decidit.
711 2968 847 3031 conserui
861 2969 923 3032 eius
937 2969 1069 3049 plerique
1083 2970 1199 3045 adsunt,
1216 2990 1291 3051 quos
1306 2971 1434 3034 exhiberi
1449 2972 1566 3035 denun-

461 3073 564 3136 tiastis.
591 3078 718 3153 possunt
731 3071 827 3132 dicere
842 3087 956 3145 omnes,
973 3071 1044 3151 quid
1058 3071 1089 3133 in
1104 3072 1205 3134 Thallo
1221 3071 1374 3152 despuant,
1390 3091 1541 3137 curnemo
1558 3069 1564 3159 l

372 3214 388 3253 f,
398 3214 443 3253 1„
459 3179 564 3241 audeat
574 3194 643 3238 cum
654 3194 688 3237 eo
701 3175 849 3236 exeodem
859 3173 954 3235 catino
967 3191 1080 3249 cenare,
1096 3175 1201 3236 eodem
1212 3174 1318 3255 poculo
1329 3175 1438 3238 hibere.
1454 3175 1566 3256 etquid

461 3298 514 3359 ego
526 3279 561 3340 de
569 3274 753 3340 seruisluos
763 3276 829 3357 ipsi,
839 3277 867 3337 si
877 3275 1001 3350 audetis,
1009 3277 1263 3365 negateThallum,
1273 3277 1369 3339 'multo
1380 3277 1565 3358 priusquam
1585 3301 1619 3353 2⁵

461 3399 516 3459 ego
525 3380 616 3441 Oeam
628 3379 771 3452 uenirem,
781 3389 919 3441 corruere
929 3395 964 3438 eo
976 3378 1082 3439 morbo
1090 3377 1221 3454 solitum,
1233 3377 1353 3441 medicis
1361 3397 1447 3460 saepe
1456 3395 1566 3442 nume-

461 3501 495 3547 rc
508 3489 671 3555 ostensum,
687 3486 792 3559 negent
801 3480 859 3541 hoc
869 3479 1006 3541 comerui
1018 3478 1080 3541 eius
1093 3479 1220 3560 quisunt
1230 3480 1262 3543 in
1272 3480 1434 3545 mmisterio
1446 3489 1565 3548 uestro:

461 3584 595 3647 omnium
610 3601 711 3646 rerum
725 3581 893 3643 conuictum
908 3600 956 3642 me
970 3581 1092 3655 fatebor,
1112 3581 1237 3644 nisiaea
1256 3584 1326 3646 odeo
1347 3582 1481 3646 omnium
1497 3585 1569 3652 uiro

464 3749 494 3796 11
513 3746 600 3796 lambl.
619 3746 651 3795 de
663 3746 714 3794 uita
731 3745 839 3812 Pythsg.
859 3758 881 3798 c.
900 3743 934 3792 34
952 3740 988 3808 (p.
1006 3743 1058 3791 480
1076 3741 1186 3810 Kiossl.).

1002 3855 1015 3885 0

531 3902 718 3954 lexternariv
742 3897 926 3971 ll3neludFV
952 3897 956 3965 Ι
988 3894 1113 3966 saporeep
1136 3897 1146 3969 ΙΙ
1170 3903 1260 3953 dutnt
1275 3901 1376 3956 Colotes
1398 3899 1409 3972 fl
1437 3902 1568 3970 dprolms

460 3982 626 4046 Stewecle'ue,
641 3983 754 4048 procidis
769 3979 870 4034 Gruter.
886 3982 982 4048 auspic.
997 3979 1063 4030 iced.
1080 3980 1186 4033 xxsso
1209 3981 1220 4050 ΙΙ
1248 3983 1308 4034 San
1323 3982 1488 4053 FepV‚autc
1510 3981 1522 4054 l
1550 3987 1568 4039 9

461 4063 651 4128 diuinationem]
669 4063 776 4113 diuinam
789 4069 903 4113 naturam
916 4058 1105 4129 Carantonurll
1129 4061 1160 4112 10
1173 4062 1284 4115 sentiar
1307 4062 1318 4133 ss
1343 4065 1374 4117 14
1391 4071 1519 4117 cadorum
1538 4083 1567 4119 va

460 4152 530 4196 certo
544 4144 608 4194 enim
620 4143 725 4194 Iahnius
747 4141 759 4211 d
783 4143 814 4194 15
831 4139 939 4192 inlectus
955 4158 973 4194 v
999 4141 1010 4210 ΙΙ
1035 4143 1066 4193 ld
1079 4157 1111 4192 an
1122 4140 1176 4207 FV,
1189 4151 1233 4195 aut
1245 4161 1278 4213 φε
1292 4144 1385 4198 dolavit
1399 4142 1546 4198 Salmasius
1559 4146 1570 4216 ΙΙ

462 4227 493 4277 17
506 4223 759 4277 dirtlietatiooibnsV
787 4222 798 4291 ΙΙ
826 4224 859 4276 20
875 4223 930 4288 cen]
944 4237 990 4274 sou
1007 4222 1173 4275 Caesulenus
1195 4222 1206 4292 ΙΙ
1230 4224 1262 4277 22
1279 4224 1410 4279 exmerlF
1434 4223 1446 4295 ΙΙ
1473 4226 1568 4280 atte-

461 4359 627 4411 nunoiastisv
652 4358 658 4426 Ι
685 4359 783 4422 omnes]
803 4333 834 4422 dp
849 4356 881 4422 V,
896 4357 1035 4413 hominess
1052 4355 1061 4424 ll
1077 4357 1110 4408 24
1122 4371 1265 4428 coenareep
1285 4358 1296 4429 ΙΙ
1319 4359 1568 4414 sostratenam
1620 4422 1622 4429 Ι

461 4445 570 4494 mactum
582 4441 675 4494 uidetis
687 4440 762 4510 va:
774 4439 873 4491 audetis
884 4437 1079 4491 Hildelrandice
1094 4436 1103 4506 ΙΙ
1127 4438 1162 4490 26
1173 4438 1281 4493 Aaamr
1309 4440 1320 4510 l
1351 4442 1384 4494 27
1401 4449 1494 4508 negent
1506 4439 1568 4497 Sol-

460 4526 570 4577 marim:
584 4529 674 4585 negant
686 4521 749 4592 va
761 4519 772 4590 1]
784 4521 817 4572 28
829 4536 874 4572 rus
885 4522 948 4573 adeo
962 4522 1069 4575 omnium
1080 4523 1138 4574 uisu
1155 4525 1197 4575 diu
1210 4528 1314 4594 scripsi:
1329 4539 1391 4578 mon
1406 4527 1439 4578 de
1454 4525 1567 4583 omniun
