3867 5559
847 711 1018 768 nomen
1137 752 1140 758 Α
1447 720 1492 782 55.

312 804 355 844 ιι.
369 803 473 845 onasus
1459 803 1634 851 sarasan..

382 870 434 933 din
446 869 594 950 ablegatus
613 875 668 943 est,
689 869 721 932 in
735 869 911 950 longinquus
929 880 1027 947 egres,
1047 883 1087 930 ue
1104 867 1252 932 familiam·
1265 870 1485 949 ιιιῐιιιὶιιιιι,
1559 903 1565 912 ·

383 972 461 1052 qued
479 972 520 1034 ita
537 974 649 1035 laetum
666 989 722 1034 nee
739 970 776 1032 ab
796 970 852 1032 illis
871 967 971 1049 negari
985 974 1093 1048 petest.
1127 987 1163 1033 ee
1182 985 1239 1032 nee
1256 970 1354 1050 poturit
1366 971 1486 1034 hodiea

382 1074 467 1136 nobis
483 1075 620 1137 exhiberi.
650 1092 720 1135 nam
733 1080 767 1136 ut
781 1072 878 1134 omnis
892 1072 949 1133 ista
962 1071 1108 1135 accusatio
1123 1071 1278 1134 temeraria
1291 1077 1321 1133 et
1334 1072 1487 1153 repentina

381 1175 446 1251 fnit,
466 1176 575 1239 nudius
593 1177 698 1239 tertius
715 1175 803 1237 nohis
823 1173 1003 1235 Aemilianus
1022 1172 1219 1247 denuntiauit,
1245 1178 1280 1236 ut
1301 1191 1405 1245 seruus
1426 1191 1485 1237 uu·

346 1291 361 1338 ⁵
382 1295 466 1341 mero
485 1278 652 1358 quindecim
670 1277 748 1357 apud
773 1283 803 1338 te
821 1275 1035 1338 exhiberemus.
1079 1276 1187 1338 adsunt
1209 1275 1453 1354 quattuordecim,
1473 1271 1487 1360 Ι

382 1379 433 1459 qui
445 1378 477 1440 in
491 1378 600 1459 oppido
615 1385 707 1440 erant.
736 1377 855 1438 Thallus
871 1376 963 1448 solus,
978 1380 1012 1437 ut
1026 1374 1095 1450 dixi,
1110 1377 1189 1455 qued
1202 1375 1296 1438 ferme
1309 1377 1347 1438 ad
1357 1377 1484 1441 centesi-
1497 1402 1513 1442 ι.
1522 1402 1582 1442 ιιι..

311 1503 368 1555 (501)
382 1497 466 1541 mum
485 1480 611 1561 lapidem
630 1481 717 1558 lenge
737 1477 805 1539 exul
823 1487 873 1548 est,
892 1481 918 1538 is
936 1477 1056 1539 Thallus
1071 1477 1153 1538 selus
1166 1475 1259 1551 abest,
1278 1477 1331 1540 sed
1349 1478 1487 1542 misimus

346 1606 348 1611 ·
381 1580 431 1661 qni
445 1599 514 1643 eum
528 1581 673 1645 ιιιιίιιιιο
688 1581 822 1642 aduehat.
849 1579 1007 1658 interroga,
1021 1579 1155 1653 Maxime,
1170 1579 1403 1659 quattuordeeim
1422 1597 1486 1643 ser·

379 1699 437 1744 uos
451 1699 527 1761 ques
541 1681 723 1756 exhibemus,
744 1680 864 1742 Thallus
883 1697 959 1760 puer
972 1678 1024 1741 ubi
1038 1678 1076 1742 sit
1090 1686 1120 1740 et
1134 1697 1222 1759 quam
1242 1681 1323 1746 salue
1344 1687 1420 1760 agat,
1438 1680 1487 1744 in·
1549 1699 1551 1702 ·

329 1795 361 1846 ιο
380 1788 498 1863 terrogat
511 1801 616 1846 seruos
630 1789 837 1845 aeeusatorum
849 1799 997 1844 meorum.
1026 1797 1088 1842 nen
1102 1781 1260 1860 negabunt,
1278 1782 1486 1862 turpissimum

380 1902 507 1966 puerum
516 1903 643 1965 serpere
656 1884 736 1965 putri
750 1888 780 1944 et
793 1882 929 1945 morbido
942 1862 1095 1956 caducum,
1109 1881 1278 1959 barbarum,
1291 1883 1485 1947 rusticanum.

379 1987 489 2049 bellum
502 2005 575 2048 nere
589 2005 716 2067 puerum
729 1984 866 2065 elegistis,
887 2003 976 2063 quem
990 1983 1057 2063 quis
1071 1982 1211 2046 saeriiieio
1232 1985 1377 2059 adhibeat,
1402 1986 1487 2064 euius
1520 2016 1524 2022 ·

380 2094 468 2168 eaput
482 2087 641 2166 eendngat,
661 2105 749 2165 (prem
764 2104 841 2166 pum
860 2085 947 2165 pallio
962 2085 1089 2159 amiciet,
1108 2103 1127 2146 a
1144 2104 1203 2166 quo
1218 2104 1397 2166 responsum
1416 2105 1485 2168 spe-

380 2195 435 2251 ret
467 2190 574 2250 uellem
593 2189 690 2251 hercle
704 2188 833 2249 adesset:
858 2187 913 2249 tibi
932 2206 1012 2261 eum,
1031 2187 1200 2262 Aemiliane,
1219 2187 1430 2268 permisissem,
1451 2195 1487 2252 ut

328 2301 360 2352 15
379 2297 506 2364 teneres,
521 2290 546 2352 si
559 2296 594 2352 tu
607 2290 823 2369 interrogares..
835 2289 894 2350 iam
907 2289 940 2350 in
953 2288 1051 2350 media
1065 2289 1235 2368 quaestione
1249 2289 1297 2351 hie
1306 2289 1416 2352 ibidem
1429 2307 1485 2371 pre

379 2392 517 2455 tribunali
532 2394 634 2455 neuim
653 2400 753 2454 truees
771 2392 802 2454 in
820 2399 851 2452 te
874 2391 1055 2465 inuertisset,
1071 2391 1177 2452 faeiem
1195 2396 1278 2452 tuam
1302 2389 1486 2471 spumabun-

380 2492 437 2555 dus
451 2492 646 2572 esnspuisset,
660 2510 767 2554 manus
782 2492 984 2567 conhansset,
1006 2498 1094 2574 eaput
1107 2493 1313 2568 sueeussisset,
1332 2500 1485 2573 postremo

378 2593 410 2654 in
424 2591 491 2655 sinu
505 2599 557 2654 tue
571 2589 741 2654 'sonuisset
826 2636 828 2641 -

405 2739 407 2742 a
463 2692 704 2766 Quattuoxdecim
726 2710 832 2755 seruos
857 2711 932 2773 quos
951 2695 1108 2774 postulasti
1127 2694 1258 2757 exhibeo.
1299 2713 1353 2758 eur
1370 2696 1426 2759 illis
1446 2698 1482 2759 ad
1502 2710 1633 2765 xxxxv

255 2833 258 2836 ⁴
326 2811 361 2862 ab
380 2795 582 2878 quaestionem
595 2793 668 2856 nihil
682 2790 795 2855 uteris?
821 2812 916 2855 unum
930 2812 1058 2874 puerum
1078 2801 1166 2874 atque
1184 2814 1253 2858 eum
1274 2797 1417 2859 uadueum
1436 2816 1487 2860 re·

380 2897 481 2978 quib-is,
497 2913 585 2976 quem
603 2891 608 2978 Ι
628 2894 700 2956 olim
713 2894 816 2973 abesse
830 2895 939 2974 pariter
952 2913 1072 2958 meeum
1085 2895 1153 2958 seis.
1190 2915 1263 2977 quae
1282 2897 1338 2960 alia
1358 2906 1404 2961 est
1421 2898 1486 2962 eui·

380 2998 496 3062 dandos·
509 2994 675 3059 edumnia?
691 2996 925 3077 quattuordecim
939 2998 1022 3060 serui
1028 2997 1123 3080 petitu
1136 3003 1189 3060 tuo
1201 2999 1317 3075 adsunt,
1333 3019 1386 3063 ees
1397 2999 1485 3064 dissi·

379 3101 490 3175 mulas3
508 3117 586 3162 unus
601 3099 742 3179 puerulus
757 3098 849 3172 abest,
864 3117 934 3160 eum
947 3098 1111 3162 insimulas.
1140 3107 1304 3179 postremo,
1323 3100 1393 3182 quid
1413 3099 1484 3165 uis?
1540 3098 1548 3109 '

379 3208 451 3283 puta
465 3200 600 3263 Thallum
613 3199 725 3262 adesse.
755 3199 801 3262 uis
821 3199 957 3280 probare,
978 3219 1047 3262 eum
1066 3207 1219 3282 praesente
1238 3221 1288 3264 me
1306 3202 1484 3266 concidisse:
1559 3274 1560 3277 Ἴ

326 3317 359 3368 25
379 3304 458 3367 ultro
473 3301 625 3382 confiteor.
656 3299 785 3361 carmine
799 3300 829 3362 id
843 3300 954 3362 lactum
970 3302 1056 3364 dieis:
1072 3303 1130 3364 hee
1143 3321 1217 3383 puer
1231 3304 1333 3378 neseit,
1354 3321 1485 3384 egenen

356 3454 358 3456 -
379 3405 489 3469 laetum
503 3403 634 3467 reuinco.
660 3419 741 3464 nunc
754 3402 897 3464 caducum
909 3421 974 3464 esse
988 3422 1115 3484 puerum
1125 3422 1181 3467 nee
1194 3410 1227 3467 tu
1237 3405 1358 3468 audebis
1368 3423 1484 3487 negare.

380 3526 433 3571 eur
452 3525 522 3587 ergo
540 3503 662 3568 carmini
680 3503 780 3585 potius
800 3523 888 3585 quam
908 3504 1016 3568 morbo
1036 3505 1212 3570 attribuatur
1232 3507 1295 3572 eius
1314 3506 1423 3573 ruina?
1447 3525 1485 3571 an

380 3609 499 3674 euenire
513 3625 576 3671 non
594 3607 701 3688 potuit,
723 3614 758 3670 ut
779 3608 858 3670 torte
880 3614 1034 3690 praesente
1055 3627 1104 3672 me
1123 3609 1202 3672 idem
1221 3617 1380 3693 pateretur,
1406 3609 1486 3691 quod

381 3764 423 3815 diu
438 3761 516 3830 Fch,
538 3762 569 3813 de
591 3761 698 3812 emnium
715 3775 840 3812 consensu
858 3775 903 3811 ms
925 3761 968 3812 diu
985 3778 1008 3819 ςι
1029 3763 1065 3828 ej,
1078 3728 1139 3830 pap.
1157 3763 1199 3828 55,
1216 3764 1243 3814 6:
1265 3764 1290 3814 ni
1310 3779 1355 3815 ιιι
1376 3780 1391 3815 a
1410 3772 1485 3815 tuere

380 3843 525 3988 ppoxplppep.
539 3843 589 3992 plph
600 3849 644 3988 pp}
654 3841 858 3991 lptldsbroeudtu,
872 3842 913 3906 [ni]
925 3856 971 3894 ms
982 3842 1015 3894 ab
1027 3856 1072 3894 ora
1085 3843 1192 3895 ιιιιίιιι
1208 3845 1232 3895 d.
1250 3842 1301 3896 abl.
1321 3851 1362 3896 est
1377 3843 1485 3932 kaiur

521 3959 528 3986 ,
581 3959 587 3974 .

448 4013 557 4124 Ῑᾶζθφ
588 4055 599 4125 Ι
629 4055 855 4109 ddenuneiauitv
889 4053 894 4123 Ι
925 4056 1253 4127 namar01n·uv,xo·p‚
1274 4074 1404 4118 numeres
1430 4059 1441 4129 Ι
1470 4062 1486 4113 b

381 4139 576 4207 exiberemusap
601 4135 607 4206 Ι
636 4137 687 4189 xiiii
703 4137 749 4206 lap
775 4135 786 4204 ΙΙ
815 4137 891 4188 brus
903 4138 1042 4205 ablegatus,
1054 4138 1289 4207 ntdixiquidemc
1309 4138 1319 4207 Ι
1343 4140 1486 4205 texulest,

381 4219 621 4273 islltldsbmdius:
647 4233 680 4268 ex
698 4218 762 4269 eleis
778 4218 833 4286 Frp,
858 4232 891 4270 ex
907 4218 972 4282 eleis
988 4218 1020 4284 V,
1042 4233 1074 4271 ex
1091 4219 1172 4271 oeulis
1185 4239 1199 4279 ς
1221 4220 1231 4289 Ι
1259 4221 1338 4273 8ιίἰὶί
1354 4221 1399 4288 up
1426 4218 1436 4287 Ι
1469 4222 1486 4272 a
1512 4245 1519 4252 „

380 4300 546 4369 'exibamusp
568 4299 579 4368 Ι
604 4300 824 4356 tensaurum
834 4314 851 4349 v
868 4297 878 4367 Ι
896 4299 928 4351 13
940 4300 1077 4366 contingat]
1090 4301 1174 4366 tingat
1186 4302 1330 4356 Vulcanius
1346 4298 1357 4364 ΙΙ
1379 4301 1411 4352 14
1420 4300 1486 4352 ller-

609 4381 620 4418 t

382 4434 468 4486 sales
489 4432 495 4502 Ι
518 4436 609 4488 adem
631 4450 655 4502 φ
678 4432 689 4502 Ι
717 4433 749 4486 14
763 4440 789 4487 ot
805 4433 1033 4488 lbetteneremv
1055 4433 1068 4504 Ι
1092 4436 1125 4491 lb
1139 4436 1274 4506 hubisrpv
1298 4433 1309 4504 Ι
1334 4436 1486 4505 teduine

380 4515 627 4586 lbtaalnmpnisp
653 4515 658 4586 Ι
683 4514 789 4567 xiiiiFv
811 4513 823 4584 Ι
846 4516 1034 4582 26ιιιιΙιιιι
1045 4516 1277 4578 vennensem
1300 4516 1311 4586 Ι
1348 4577 1350 4582 ,
