3867 5559
827 751 1016 805 PRAEFATIO
1439 773 1476 816 xv

370 930 478 973 meum
494 905 641 973 criticum
653 927 786 972 onerare
802 904 892 971 nolui
907 904 992 972 mole
1007 904 1062 970 illa
1072 903 1349 971 Hildebrandiana
1363 903 1475 971 lectio·

370 1036 448 1079 num
476 1012 685 1097 deteriorum,
715 1035 797 1100 quae
826 1010 964 1099 quidem
986 1008 1081 1076 hodie
1105 1018 1275 1077 stemmate
1295 1009 1416 1098 Apulei
1438 1009 1477 1075 li·

370 1120 502 1185 brorum
538 1118 828 1206 manuscriptorum
865 1117 996 1205 cognito
1030 1139 1096 1181 non
1128 1116 1191 1184 nisi
1225 1138 1284 1206 pro
1313 1117 1475 1184 erroribus

369 1224 537 1291 habendae
560 1235 634 1291 sunt
656 1224 709 1290 vel
730 1248 789 1312 pro
812 1223 1114 1313 interpolationibus
1137 1245 1179 1288 ex
1201 1222 1323 1290 librari-i
1342 1223 1476 1290 arbitrio

370 1330 536 1420 scriptoris
564 1331 672 1397 verbis
700 1331 855 1397 immixtis
878 1331 931 1396 vel
953 1352 1012 1417 pro
1037 1329 1247 1396 coniecturIs:
1276 1331 1354 1397 satis
1378 1330 1477 1417 igitur

370 1438 480 1521 habui,
502 1438 586 1503 hanc
609 1433 706 1525 quam
727 1437 894 1523 vulgatam
917 1435 1029 1501 dicunt
1050 1435 1222 1501 lectionem
1241 1435 1289 1524 (ς)
1312 1460 1379 1502 non
1393 1460 1475 1503 nun-

371 1567 468 1633 quam
501 1542 536 1608 in
570 1542 726 1608 auxilinm
759 1565 887 1608 vocare.
941 1551 1053 1608 contra
1085 1541 1166 1605 nihil
1194 1541 1356 1628 antiquius
1386 1541 1476 1625 duxi,

372 1672 468 1737 quam
496 1656 533 1714 ut
558 1656 714 1736 apparatu
742 1670 814 1714 meo
843 1648 1018 1735 imaginem
1046 1646 1193 1712 codicum
1215 1645 1477 1713 Florentinorum

372 1778 391 1820 a
423 1777 476 1819 me
510 1752 725 1820 adhibitorum
756 1763 1032 1840 repraesentarem
1067 1775 1164 1839 quam
1192 1752 1476 1819 accuratissimam.

372 1882 435 1947 quo
464 1857 598 1925 consilio
627 1881 668 1923 ne
697 1857 845 1924 minimas
875 1857 1006 1946 quidem
1029 1878 1081 1923 res
1106 1857 1200 1922 omisi
1222 1857 1369 1923 codicum
1391 1858 1475 1925 Lau-

372 1965 593 2030 rentianorum
614 1962 764 2030 LXVIII
787 1965 807 2027 2
831 1973 864 2029 et
886 1962 1060 2029 XXVIIII
1083 1965 1119 2044 2,
1144 1986 1224 2051 quos
1246 1963 1361 2029 Iahnio
1384 1987 1476 2051 prae-

372 2079 468 2136 eunte
497 2069 624 2156 signavi
651 2067 752 2134 literis
775 2069 804 2134 F
833 2078 865 2134 et
893 2093 929 2157 φ.
959 2068 1073 2134 eadem
1102 2093 1179 2136 cura
1200 2069 1328 2135 Victori
1349 2070 1477 2135 notulas

373 2175 552 2262 exprimere
587 2173 692 2240 studui
699 2222 708 2257 ,
743 2175 855 2263 putavi
883 2183 989 2240 autem
1018 2174 1076 2240 has
1103 2175 1196 2240 litera
1224 2176 1255 2241 V
1286 2175 1429 2262 signatas
1459 2198 1478 2241 a

372 2281 565 2346 lectionibus
588 2278 736 2346 editionis
760 2280 904 2364 (Vicent.
928 2302 975 2366 pr.
999 2303 1026 2344 a.
1054 2280 1153 2369 1488)
1177 2282 1218 2348 ab
1241 2281 1296 2346 illo
1318 2305 1384 2347 non
1408 2305 1476 2348 cor-

374 2385 470 2452 rectis
493 2384 706 2471 seiungendas
730 2407 814 2450 esse:
838 2385 896 2450 has
919 2384 1018 2472 igitur
1041 2385 1134 2452 litera
1156 2410 1177 2450 v
1200 2386 1329 2453 indicat.

461 2490 502 2557 In
529 2497 620 2557 textu
649 2490 871 2557 constituendo
901 2490 980 2556 mihi
1014 2500 1083 2557 erat
1111 2515 1261 2580 suprema
1287 2492 1359 2576 lex,
1393 2502 1430 2560 ut
1457 2517 1478 2560 a

374 2595 563 2661 lectionibus
590 2596 710 2661 codicis
733 2597 942 2663 Laurentiani
964 2596 1115 2663 LXVIII
1139 2601 1159 2663 2
1189 2599 1309 2687 ubique
1331 2599 1476 2687 proficis·

374 2725 450 2767 cens
479 2725 637 2789 nusquam
666 2704 873 2789 neglegerem
902 2702 1057 2767 lectiones
1086 2704 1215 2770 alterius
1247 2704 1366 2770 codicis
1390 2706 1475 2772 Lau-

374 2808 511 2872 rentiani
533 2808 741 2874 XXVIIH2
766 2818 799 2874 et
821 2807 941 2873 codicis
957 2807 1139 2873 Victoriani
1161 2808 1248 2874 haud
1270 2833 1342 2876 raro
1365 2811 1476 2878 lectio·

374 2913 468 2979 nibus
502 2914 621 2979 mutilis
656 2913 776 2979 codicis
809 2913 895 2980 illius
929 2912 1073 3000 primarii
1106 2914 1263 2981 medelam
1294 2917 1475 2983 afferentes.

373 3041 471 3105 quam
492 3021 600 3105 legem
617 3043 691 3085 cum
708 3019 891 3107 explorabis
908 3043 971 3107 qua
988 3019 1167 3084 constantia
1182 3030 1310 3087 secutus
1328 3021 1397 3106 sim,
1421 3046 1475 3089 ve·

371 3123 428 3188 lim
455 3147 497 3191 ne
520 3124 737 3206 obliviscaris,
764 3126 912 3192 omnibus
935 3124 998 3188 illis
1021 3124 1110 3203 locis,
1135 3124 1252 3212 quibus
1274 3125 1315 3191 de
1337 3127 1475 3194 lectione

259 3225 264 3233 ’
373 3228 521 3294 codicum
550 3229 579 3294 F
607 3231 659 3294 vel
682 3249 708 3313 φ
731 3231 784 3295 vel
806 3231 837 3295 V
861 3229 911 3317 (v)
939 3229 1020 3294 nihil
1048 3228 1170 3294 dictum
1192 3240 1241 3295 est
1263 3231 1297 3295 in
1319 3243 1476 3319 apparatu

303 3336 313 3342 ’
374 3335 501 3416 critico,
529 3336 629 3401 verba
658 3336 821 3424 scriptoris
848 3336 881 3402 in
904 3335 1016 3401 codice
1039 3335 1068 3400 F
1091 3336 1144 3400 vel
1167 3360 1193 3425 φ
1215 3335 1268 3402 vel
1289 3337 1321 3403 V
1344 3336 1395 3425 (v)
1418 3339 1475 3404 tali

372 3442 476 3507 forma
498 3450 619 3522 extare,
644 3443 771 3529 qualem
794 3452 901 3508 textus
925 3440 1084 3508 exhibeat
1129 3464 1244 3508 moneo
1266 3443 1329 3508 hoc
1351 3444 1475 3531 praeci-

372 3567 434 3632 pue
460 3555 591 3633 propter
613 3568 665 3612 res
688 3547 952 3634 orthographicas
975 3547 1008 3613 in
1032 3547 1188 3634 scriptore
1211 3548 1366 3614 Africano
1390 3550 1475 3617 illius

372 3650 526 3738 temporis
549 3651 673 3717 edendo
696 3655 841 3739 profecto
866 3652 1081 3735 difficillimas,
1105 3653 1138 3720 in
1162 3653 1277 3741 quibus
1301 3676 1416 3721 vereor
1433 3677 1475 3720 ne

373 3757 450 3820 vitio
467 3757 545 3821 mihi
560 3766 715 3841 vertatur,
753 3757 817 3824 uod
832 3781 899 3824 non
911 3781 1037 3846 semper
1049 3758 1128 3822 mihi
1141 3759 1347 3824 eonstiterim.
1376 3760 1475 3826 malui

373 3872 480 3928 autem
507 3862 664 3928 librorum
691 3864 982 3951 manuscriptorum
1008 3864 1247 3948 auctoritatem,
1278 3864 1384 3951 quoad
1407 3865 1475 3931 eius

372 3967 442 4033 fieri
457 3976 592 4055 poterat,
616 3969 650 4034 in
670 3968 720 4033 his
736 3970 831 4035 rebus
847 3979 967 4054 tenere,
992 3991 1088 4057 quam
1105 3970 1303 4057 scriptorem,
1327 3970 1367 4036 de
1384 3972 1474 4039 cuias

372 4096 491 4159 genere
515 4073 676 4139 scribendi
699 4074 803 4149 adhuc
825 4076 905 4141 nihil
925 4078 994 4141 fere
1011 4084 1145 4158 constat,
1169 4076 1329 4142 adcertas
1345 4099 1474 4143 normas

372 4188 405 4244 et
427 4180 556 4265 regulas
580 4180 742 4246 scribendi
763 4181 928 4267 redigere,
960 4205 1040 4269 quas
1063 4181 1204 4268 pristinis
1228 4183 1363 4248 saeculis
1387 4182 1475 4248 etin

373 4284 443 4349 aliis
466 4285 560 4351 terris
582 4285 722 4352 valuisse
745 4286 872 4352 scimus.

462 4465 594 4563 Praeter
617 4496 774 4563 editiones
798 4497 975 4581 Floridi,
998 4499 1289 4584 Elmenhorsti,
1314 4499 1473 4568 Ouden-
