<?xml version="1.0" encoding="UTF-8"?>
<!DOCTYPE html PUBLIC "-//W3C//DTD XHTML 1.0 Transitional//EN"
    "http://www.w3.org/TR/xhtml1/DTD/xhtml1-transitional.dtd">
<html xmlns="http://www.w3.org/1999/xhtml" xml:lang="en" lang="en">
 <head>
  <title>
</title>
<meta http-equiv="Content-Type" content="text/html;charset=utf-8" />
  <meta name='ocr-system' content='tesseract 3.04.00' />
  <meta name='ocr-capabilities' content='ocr_page ocr_carea ocr_par ocr_line ocrx_word'/>
</head>
<body>
  <div class='ocr_page' id='page_1' title='image "./lapuleimadauren00krgoog_0059.png"; bbox 0 0 3867 5559; ppageno 0'>
   <div class='ocr_carea' id='block_1_1' title="bbox 311 745 1622 875">
    <p class='ocr_par' dir='ltr' id='par_1_1' title="bbox 311 745 1622 875">
     <span class='ocr_line' id='line_1_1' title="bbox 839 745 1483 811; baseline -0.002 -13"><span class='ocrx_word' id='word_1_1' title='bbox 839 745 1028 799; x_wconf 73' lang='lat' dir='ltr'><strong>arannem</strong></span> <span class='ocrx_word' id='word_1_2' title='bbox 1442 749 1483 811; x_wconf 79' lang='lat'><strong>27</strong></span> 
     </span>
     <span class='ocr_line' id='line_1_2' title="bbox 311 831 1622 875; baseline 0 -2"><span class='ocrx_word' id='word_1_3' title='bbox 311 833 354 873; x_wconf 84' lang='lat' dir='ltr'><strong>na.</strong></span> <span class='ocrx_word' id='word_1_4' title='bbox 370 832 473 874; x_wconf 75' lang='lat' dir='ltr'><strong>euacua.</strong></span> <span class='ocrx_word' id='word_1_5' title='bbox 1457 832 1472 872; x_wconf 82' lang='lat' dir='ltr'><strong>r.</strong></span> <span class='ocrx_word' id='word_1_6' title='bbox 1482 831 1543 873; x_wconf 82' lang='lat' dir='ltr'><strong>reos.</strong></span> <span class='ocrx_word' id='word_1_7' title='bbox 1558 833 1574 873; x_wconf 82' lang='lat' dir='ltr'><strong>r.</strong></span> <span class='ocrx_word' id='word_1_8' title='bbox 1583 833 1622 875; x_wconf 83' lang='lat' dir='ltr'><strong>so.</strong></span> 
     </span>
    </p>
   </div>
   <div class='ocr_carea' id='block_1_2' title="bbox 310 898 1591 2616">
    <p class='ocr_par' dir='ltr' id='par_1_2' title="bbox 310 898 1591 2616">
     <span class='ocr_line' id='line_1_3' title="bbox 382 898 1483 982; baseline 0.002 -21"><span class='ocrx_word' id='word_1_9' title='bbox 382 908 460 962; x_wconf 90' lang='lat' dir='ltr'><strong>crate</strong></span> <span class='ocrx_word' id='word_1_10' title='bbox 471 901 597 982; x_wconf 80' lang='lat' dir='ltr'><strong>sapione,</strong></span> <span class='ocrx_word' id='word_1_11' title='bbox 608 902 640 964; x_wconf 91' lang='lat' dir='ltr'><strong>in</strong></span> <span class='ocrx_word' id='word_1_12' title='bbox 654 901 783 963; x_wconf 80' lang='lat' dir='ltr'><strong>Homero</strong></span> <span class='ocrx_word' id='word_1_13' title='bbox 796 902 911 962; x_wconf 89' lang='lat' dir='ltr'><strong>diserta.</strong></span> <span class='ocrx_word' id='word_1_14' title='bbox 928 901 1030 961; x_wconf 90' lang='lat' dir='ltr'><strong>eadem</strong></span> <span class='ocrx_word' id='word_1_15' title='bbox 1041 906 1198 980; x_wconf 75' lang='lat' dir='ltr'><strong>paupertas</strong></span> <span class='ocrx_word' id='word_1_16' title='bbox 1208 900 1295 960; x_wconf 90' lang='lat' dir='ltr'><strong>etiarn</strong></span> <span class='ocrx_word' id='word_1_17' title='bbox 1303 898 1483 980; x_wconf 75' lang='lat' dir='ltr'><strong>populollo·</strong></span> 
     </span>
     <span class='ocr_line' id='line_1_4' title="bbox 382 1002 1484 1085; baseline 0 -20"><span class='ocrx_word' id='word_1_18' title='bbox 382 1017 470 1065; x_wconf 90' lang='lat' dir='ltr'><strong>mano</strong></span> <span class='ocrx_word' id='word_1_19' title='bbox 486 1004 842 1085; x_wconf 84' lang='lat' dir='ltr'><strong>imperiumaprimordio</strong></span> <span class='ocrx_word' id='word_1_20' title='bbox 854 1002 999 1075; x_wconf 81' lang='lat' dir='ltr'><strong>fundauit,</strong></span> <span class='ocrx_word' id='word_1_21' title='bbox 1013 1019 1126 1081; x_wconf 81' lang='lat' dir='ltr'>proque</span> <span class='ocrx_word' id='word_1_22' title='bbox 1142 1002 1220 1065; x_wconf 92' lang='lat' dir='ltr'><strong>eoin</strong></span> <span class='ocrx_word' id='word_1_23' title='bbox 1239 1002 1415 1064; x_wconf 83' lang='lat' dir='ltr'><strong>bodiemunt</strong></span> <span class='ocrx_word' id='word_1_24' title='bbox 1427 1002 1484 1065; x_wconf 85' lang='lat' dir='ltr'><strong>diis</strong></span> 
     </span>
     <span class='ocr_line' id='line_1_5' title="bbox 381 1104 1565 1186; baseline -0.001 -19"><span class='ocrx_word' id='word_1_25' title='bbox 381 1106 595 1168; x_wconf 79' lang='lat' dir='ltr'><strong>immortalibus</strong></span> <span class='ocrx_word' id='word_1_26' title='bbox 610 1106 736 1186; x_wconf 87' lang='lat' dir='ltr'><strong>simpulo</strong></span> <span class='ocrx_word' id='word_1_27' title='bbox 752 1112 781 1182; x_wconf 86' lang='lat' dir='ltr'><strong>et</strong></span> <span class='ocrx_word' id='word_1_28' title='bbox 794 1106 889 1166; x_wconf 89' lang='lat' dir='ltr'><strong>catino</strong></span> <span class='ocrx_word' id='word_1_29' title='bbox 904 1104 984 1165; x_wconf 85' lang='lat' dir='ltr'><strong>fictili</strong></span> <span class='ocrx_word' id='word_1_30' title='bbox 998 1104 1146 1166; x_wconf 86' lang='lat' dir='ltr'><strong>sacrificat.</strong></span> <span class='ocrx_word' id='word_1_31' title='bbox 1168 1105 1249 1185; x_wconf 86' lang='lat' dir='ltr'><strong>quod</strong></span> <span class='ocrx_word' id='word_1_32' title='bbox 1263 1105 1288 1166; x_wconf 90' lang='lat' dir='ltr'><strong>si</strong></span> <span class='ocrx_word' id='word_1_33' title='bbox 1301 1105 1393 1166; x_wconf 88' lang='lat' dir='ltr'><strong>modo</strong></span> <span class='ocrx_word' id='word_1_34' title='bbox 1406 1105 1485 1167; x_wconf 79' lang='lat' dir='ltr'><strong>iudi·</strong></span> <span class='ocrx_word' id='word_1_35' title='bbox 1563 1134 1565 1138; x_wconf 33' lang='lat' dir='ltr'>v</span> 
     </span>
     <span class='ocr_line' id='line_1_6' title="bbox 382 1205 1482 1287; baseline -0.001 -18"><span class='ocrx_word' id='word_1_36' title='bbox 382 1227 430 1270; x_wconf 88' lang='lat' dir='ltr'><strong>ces</strong></span> <span class='ocrx_word' id='word_1_37' title='bbox 451 1208 487 1270; x_wconf 91' lang='lat' dir='ltr'><strong>de</strong></span> <span class='ocrx_word' id='word_1_38' title='bbox 511 1226 598 1270; x_wconf 88' lang='lat' dir='ltr'><strong>causa</strong></span> <span class='ocrx_word' id='word_1_39' title='bbox 617 1208 672 1268; x_wconf 89' lang='lat' dir='ltr'><strong>ista</strong></span> <span class='ocrx_word' id='word_1_40' title='bbox 692 1209 827 1270; x_wconf 90' lang='lat' dir='ltr'><strong>sederent</strong></span> <span class='ocrx_word' id='word_1_41' title='bbox 849 1207 880 1268; x_wconf 85' lang='lat' dir='ltr'><strong>C.</strong></span> <span class='ocrx_word' id='word_1_42' title='bbox 900 1205 1064 1279; x_wconf 84' lang='lat' dir='ltr'><strong>Fabricius,</strong></span> <span class='ocrx_word' id='word_1_43' title='bbox 1091 1206 1142 1267; x_wconf 84' lang='lat' dir='ltr'><strong>Cn.</strong></span> <span class='ocrx_word' id='word_1_44' title='bbox 1166 1207 1273 1287; x_wconf 80' lang='lat' dir='ltr'><strong>Scipio,</strong></span> <span class='ocrx_word' id='word_1_45' title='bbox 1305 1205 1342 1268; x_wconf 79' lang='grc' dir='ltr'><strong>Μ’</strong></span> <span class='ocrx_word' id='word_1_46' title='bbox 1367 1206 1482 1285; x_wconf 76' lang='lat' dir='ltr'><strong>Cunus,</strong></span> 
     </span>
     <span class='ocr_line' id='line_1_7' title="bbox 310 1305 1486 1410; baseline -0.002 -38"><span class='ocrx_word' id='word_1_47' title='bbox 310 1305 370 1410; x_wconf 52' lang='grc' dir='ltr'><strong>(θὲ)</strong></span> <span class='ocrx_word' id='word_1_48' title='bbox 386 1328 513 1388; x_wconf 88' lang='lat' dir='ltr'><strong>qnorum</strong></span> <span class='ocrx_word' id='word_1_49' title='bbox 524 1311 598 1371; x_wconf 82' lang='lat' dir='ltr'><strong>tibae</strong></span> <span class='ocrx_word' id='word_1_50' title='bbox 609 1309 647 1371; x_wconf 93' lang='lat' dir='ltr'><strong>ob</strong></span> <span class='ocrx_word' id='word_1_51' title='bbox 658 1316 860 1389; x_wconf 86' lang='lat' dir='ltr'><strong>paupertatem</strong></span> <span class='ocrx_word' id='word_1_52' title='bbox 871 1309 907 1370; x_wconf 91' lang='lat' dir='ltr'><strong>de</strong></span> <span class='ocrx_word' id='word_1_53' title='bbox 922 1309 1039 1388; x_wconf 90' lang='lat' dir='ltr'><strong>publico</strong></span> <span class='ocrx_word' id='word_1_54' title='bbox 1052 1307 1170 1370; x_wconf 87' lang='lat' dir='ltr'><strong>dotibus</strong></span> <span class='ocrx_word' id='word_1_55' title='bbox 1182 1309 1306 1372; x_wconf 88' lang='lat' dir='ltr'><strong>donatae</strong></span> <span class='ocrx_word' id='word_1_56' title='bbox 1317 1310 1352 1371; x_wconf 92' lang='lat' dir='ltr'><strong>ad</strong></span> <span class='ocrx_word' id='word_1_57' title='bbox 1363 1308 1486 1371; x_wconf 85' lang='lat' dir='ltr'><strong>maritos</strong></span> 
     </span>
     <span class='ocr_line' id='line_1_8' title="bbox 381 1409 1486 1493; baseline -0.001 -19"><span class='ocrx_word' id='word_1_58' title='bbox 381 1413 479 1475; x_wconf 89' lang='lat' dir='ltr'><strong>iemnt</strong></span> <span class='ocrx_word' id='word_1_59' title='bbox 493 1418 643 1493; x_wconf 88' lang='lat' dir='ltr'><strong>portantes</strong></span> <span class='ocrx_word' id='word_1_60' title='bbox 659 1412 781 1490; x_wconf 83' lang='lat' dir='ltr'><strong>gloriam</strong></span> <span class='ocrx_word' id='word_1_61' title='bbox 796 1411 996 1484; x_wconf 72' lang='lat' dir='ltr'><strong>domesticam,</strong></span> <span class='ocrx_word' id='word_1_62' title='bbox 1017 1410 1172 1490; x_wconf 90' lang='lat' dir='ltr'><strong>pecuniam</strong></span> <span class='ocrx_word' id='word_1_63' title='bbox 1192 1412 1353 1491; x_wconf 81' lang='lat' dir='ltr'><strong>publicam:</strong></span> <span class='ocrx_word' id='word_1_64' title='bbox 1378 1411 1404 1473; x_wconf 90' lang='lat' dir='ltr'><strong>si</strong></span> <span class='ocrx_word' id='word_1_65' title='bbox 1423 1409 1486 1490; x_wconf 85' lang='lat' dir='ltr'><strong>Pu-</strong></span> 
     </span>
     <span class='ocr_line' id='line_1_9' title="bbox 381 1512 1486 1594; baseline 0.001 -20"><span class='ocrx_word' id='word_1_66' title='bbox 381 1514 484 1575; x_wconf 88' lang='lat' dir='ltr'><strong>blieola</strong></span> <span class='ocrx_word' id='word_1_67' title='bbox 498 1533 602 1594; x_wconf 88' lang='lat' dir='ltr'><strong>regum</strong></span> <span class='ocrx_word' id='word_1_68' title='bbox 617 1520 734 1586; x_wconf 84' lang='lat' dir='ltr'><strong>exactor</strong></span> <span class='ocrx_word' id='word_1_69' title='bbox 747 1521 777 1574; x_wconf 89' lang='lat' dir='ltr'><strong>et</strong></span> <span class='ocrx_word' id='word_1_70' title='bbox 790 1514 917 1593; x_wconf 80' lang='lat' dir='ltr'><strong>Agrippa</strong></span> <span class='ocrx_word' id='word_1_71' title='bbox 932 1513 1034 1593; x_wconf 86' lang='lat' dir='ltr'><strong>populi</strong></span> <span class='ocrx_word' id='word_1_72' title='bbox 1054 1512 1265 1587; x_wconf 74' lang='lat' dir='ltr'><strong>reconciliator,</strong></span> <span class='ocrx_word' id='word_1_73' title='bbox 1287 1531 1414 1594; x_wconf 88' lang='lat' dir='ltr'><strong>quorum</strong></span> <span class='ocrx_word' id='word_1_74' title='bbox 1434 1513 1486 1575; x_wconf 84' lang='lat' dir='ltr'><strong>iu-</strong></span> 
     </span>
     <span class='ocr_line' id='line_1_10' title="bbox 349 1598 1485 1696; baseline 0.001 -19"><span class='ocrx_word' id='word_1_75' title='bbox 349 1598 351 1602; x_wconf 24' lang='lat'><em>*</em></span> <span class='ocrx_word' id='word_1_76' title='bbox 380 1634 437 1678; x_wconf 88' lang='lat' dir='ltr'><strong>nus</strong></span> <span class='ocrx_word' id='word_1_77' title='bbox 452 1616 490 1678; x_wconf 96' lang='lat' dir='ltr'><strong>ob</strong></span> <span class='ocrx_word' id='word_1_78' title='bbox 504 1617 601 1678; x_wconf 89' lang='lat' dir='ltr'><strong>tenuis</strong></span> <span class='ocrx_word' id='word_1_79' title='bbox 617 1632 720 1695; x_wconf 88' lang='lat' dir='ltr'><strong>opesa</strong></span> <span class='ocrx_word' id='word_1_80' title='bbox 739 1617 849 1696; x_wconf 92' lang='lat' dir='ltr'><strong>populo</strong></span> <span class='ocrx_word' id='word_1_81' title='bbox 870 1616 1005 1676; x_wconf 89' lang='lat' dir='ltr'><strong>Romano</strong></span> <span class='ocrx_word' id='word_1_82' title='bbox 1026 1615 1138 1676; x_wconf 88' lang='lat' dir='ltr'><strong>collatis</strong></span> <span class='ocrx_word' id='word_1_83' title='bbox 1159 1615 1339 1677; x_wconf 81' lang='lat' dir='ltr'><strong>sextantibus</strong></span> <span class='ocrx_word' id='word_1_84' title='bbox 1358 1616 1485 1678; x_wconf 87' lang='lat' dir='ltr'><strong>adorna·</strong></span> 
     </span>
     <span class='ocr_line' id='line_1_11' title="bbox 381 1717 1485 1799; baseline 0.001 -20"><span class='ocrx_word' id='word_1_85' title='bbox 381 1726 444 1779; x_wconf 91' lang='lat' dir='ltr'><strong>tum</strong></span> <span class='ocrx_word' id='word_1_86' title='bbox 470 1726 527 1780; x_wconf 88' lang='lat' dir='ltr'><strong>est:</strong></span> <span class='ocrx_word' id='word_1_87' title='bbox 550 1718 575 1780; x_wconf 93' lang='lat' dir='ltr'><strong>si</strong></span> <span class='ocrx_word' id='word_1_88' title='bbox 594 1717 698 1779; x_wconf 82' lang='lat' dir='ltr'><strong>Atilius</strong></span> <span class='ocrx_word' id='word_1_89' title='bbox 718 1717 862 1796; x_wconf 74' lang='lat' dir='ltr'><strong>ReguluS,</strong></span> <span class='ocrx_word' id='word_1_90' title='bbox 888 1717 972 1779; x_wconf 87' lang='lat' dir='ltr'><strong>cuius</strong></span> <span class='ocrx_word' id='word_1_91' title='bbox 992 1717 1104 1796; x_wconf 84' lang='lat' dir='ltr'><strong>agellus·</strong></span> <span class='ocrx_word' id='word_1_92' title='bbox 1128 1718 1164 1778; x_wconf 97' lang='lat' dir='ltr'><strong>ob</strong></span> <span class='ocrx_word' id='word_1_93' title='bbox 1186 1718 1311 1780; x_wconf 89' lang='lat' dir='ltr'><strong>similem</strong></span> <span class='ocrx_word' id='word_1_94' title='bbox 1331 1718 1485 1799; x_wconf 88' lang='lat' dir='ltr'><strong>penuriam</strong></span> 
     </span>
     <span class='ocr_line' id='line_1_12' title="bbox 333 1819 1486 1901; baseline 0.001 -21"><span class='ocrx_word' id='word_1_95' title='bbox 333 1831 365 1881; x_wconf 85' lang='lat'><strong>10</strong></span> <span class='ocrx_word' id='word_1_96' title='bbox 382 1820 497 1901; x_wconf 89' lang='lat' dir='ltr'><strong>publica</strong></span> <span class='ocrx_word' id='word_1_97' title='bbox 510 1821 634 1901; x_wconf 89' lang='lat' dir='ltr'><strong>pecunia</strong></span> <span class='ocrx_word' id='word_1_98' title='bbox 648 1820 743 1882; x_wconf 90' lang='lat' dir='ltr'><strong>cultus</strong></span> <span class='ocrx_word' id='word_1_99' title='bbox 757 1827 816 1881; x_wconf 87' lang='lat' dir='ltr'><strong>est:</strong></span> <span class='ocrx_word' id='word_1_100' title='bbox 833 1820 994 1898; x_wconf 75' lang='lat' dir='ltr'><strong>sidereique</strong></span> <span class='ocrx_word' id='word_1_101' title='bbox 1010 1839 1116 1881; x_wconf 89' lang='lat' dir='ltr'><strong>omncs</strong></span> <span class='ocrx_word' id='word_1_102' title='bbox 1128 1821 1193 1883; x_wconf 91' lang='lat' dir='ltr'><strong>illae</strong></span> <span class='ocrx_word' id='word_1_103' title='bbox 1206 1828 1321 1883; x_wconf 86' lang='lat' dir='ltr'><strong>ueteres</strong></span> <span class='ocrx_word' id='word_1_104' title='bbox 1332 1819 1486 1901; x_wconf 82' lang='lat' dir='ltr'><strong>prosapiae</strong></span> 
     </span>
     <span class='ocr_line' id='line_1_13' title="bbox 380 1922 1485 2002; baseline 0 -18"><span class='ocrx_word' id='word_1_105' title='bbox 380 1923 548 1985; x_wconf 88' lang='lat' dir='ltr'><strong>consulares</strong></span> <span class='ocrx_word' id='word_1_106' title='bbox 563 1930 593 1984; x_wconf 90' lang='lat' dir='ltr'><strong>et</strong></span> <span class='ocrx_word' id='word_1_107' title='bbox 607 1922 756 1984; x_wconf 86' lang='lat' dir='ltr'><strong>censoriae</strong></span> <span class='ocrx_word' id='word_1_108' title='bbox 771 1930 800 1982; x_wconf 91' lang='lat' dir='ltr'><strong>et</strong></span> <span class='ocrx_word' id='word_1_109' title='bbox 812 1922 1006 2002; x_wconf 87' lang='lat' dir='ltr'><strong>triumphales</strong></span> <span class='ocrx_word' id='word_1_110' title='bbox 1016 1923 1100 1984; x_wconf 90' lang='lat' dir='ltr'><strong>breui</strong></span> <span class='ocrx_word' id='word_1_111' title='bbox 1114 1941 1204 1984; x_wconf 88' lang='lat' dir='ltr'><strong>usura</strong></span> <span class='ocrx_word' id='word_1_112' title='bbox 1214 1923 1287 1984; x_wconf 90' lang='lat' dir='ltr'><strong>lucis</strong></span> <span class='ocrx_word' id='word_1_113' title='bbox 1298 1923 1335 1984; x_wconf 94' lang='lat' dir='ltr'><strong>ad</strong></span> <span class='ocrx_word' id='word_1_114' title='bbox 1345 1922 1485 1984; x_wconf 89' lang='lat' dir='ltr'><strong>iudicium</strong></span> 
     </span>
     <span class='ocr_line' id='line_1_14' title="bbox 379 2023 1482 2108; baseline 0 -21"><span class='ocrx_word' id='word_1_115' title='bbox 379 2026 457 2087; x_wconf 87' lang='lat' dir='ltr'><strong>istud</strong></span> <span class='ocrx_word' id='word_1_116' title='bbox 471 2023 621 2108; x_wconf 56' lang='lat' dir='ltr'><strong>ressmissae</strong></span> <span class='ocrx_word' id='word_1_117' title='bbox 635 2023 778 2098; x_wconf 85' lang='lat' dir='ltr'><strong>audirent,</strong></span> <span class='ocrx_word' id='word_1_118' title='bbox 795 2024 954 2086; x_wconf 89' lang='lat' dir='ltr'><strong>auderesne</strong></span> <span class='ocrx_word' id='word_1_119' title='bbox 969 2031 1169 2105; x_wconf 85' lang='lat' dir='ltr'><strong>paupertatem</strong></span> <span class='ocrx_word' id='word_1_120' title='bbox 1183 2024 1360 2106; x_wconf 83' lang='lat' dir='ltr'><strong>philosopho</strong></span> <span class='ocrx_word' id='word_1_121' title='bbox 1376 2043 1482 2105; x_wconf 87' lang='lat' dir='ltr'><strong>expro-</strong></span> 
     </span>
     <span class='ocr_line' id='line_1_15' title="bbox 379 2123 1591 2208; baseline -0.002 -18"><span class='ocrx_word' id='word_1_122' title='bbox 379 2130 464 2191; x_wconf 90' lang='lat' dir='ltr'><strong>brare</strong></span> <span class='ocrx_word' id='word_1_123' title='bbox 484 2129 561 2208; x_wconf 93' lang='lat' dir='ltr'><strong>apud</strong></span> <span class='ocrx_word' id='word_1_124' title='bbox 578 2133 624 2189; x_wconf 91' lang='lat' dir='ltr'><strong>tot</strong></span> <span class='ocrx_word' id='word_1_125' title='bbox 641 2128 795 2206; x_wconf 90' lang='lat' dir='ltr'><strong>[consules]</strong></span> <span class='ocrx_word' id='word_1_126' title='bbox 812 2123 977 2208; x_wconf 73' lang='lat' dir='ltr'><strong>pauperes?</strong></span> <span class='ocrx_word' id='word_1_127' title='bbox 993 2145 1030 2189; x_wconf 87' lang='lat' dir='ltr'><strong>an</strong></span> <span class='ocrx_word' id='word_1_128' title='bbox 1043 2127 1096 2188; x_wconf 91' lang='lat' dir='ltr'><strong>tibi</strong></span> <span class='ocrx_word' id='word_1_129' title='bbox 1110 2127 1246 2189; x_wconf 84' lang='lat' dir='ltr'><strong>Claudius</strong></span> <span class='ocrx_word' id='word_1_130' title='bbox 1257 2127 1399 2190; x_wconf 83' lang='lat' dir='ltr'><strong>Maximus</strong></span> <span class='ocrx_word' id='word_1_131' title='bbox 1414 2127 1480 2189; x_wconf 86' lang='lat' dir='ltr'><strong>ido-</strong></span> <span class='ocrx_word' id='word_1_132' title='bbox 1497 2135 1591 2192; x_wconf 86' lang='lat' dir='ltr'><strong>xvilll</strong></span> 
     </span>
     <span class='ocr_line' id='line_1_16' title="bbox 379 2229 1482 2311; baseline 0 -19"><span class='ocrx_word' id='word_1_133' title='bbox 379 2250 452 2292; x_wconf 90' lang='lat' dir='ltr'><strong>neus</strong></span> <span class='ocrx_word' id='word_1_134' title='bbox 467 2230 584 2292; x_wconf 86' lang='lat' dir='ltr'><strong>auditor</strong></span> <span class='ocrx_word' id='word_1_135' title='bbox 595 2229 713 2292; x_wconf 89' lang='lat' dir='ltr'><strong>uidetur</strong></span> <span class='ocrx_word' id='word_1_136' title='bbox 727 2231 763 2291; x_wconf 81' lang='lat' dir='ltr'><strong>a&#39;d</strong></span> <span class='ocrx_word' id='word_1_137' title='bbox 776 2229 954 2292; x_wconf 88' lang='lat' dir='ltr'><strong>irridendam</strong></span> <span class='ocrx_word' id='word_1_138' title='bbox 967 2237 1178 2310; x_wconf 88' lang='lat' dir='ltr'><strong>paupertatem,</strong></span> <span class='ocrx_word' id='word_1_139' title='bbox 1194 2232 1274 2311; x_wconf 88' lang='lat' dir='ltr'><strong>quod</strong></span> <span class='ocrx_word' id='word_1_140' title='bbox 1283 2231 1350 2310; x_wconf 89' lang='lat' dir='ltr'><strong>ipse</strong></span> <span class='ocrx_word' id='word_1_141' title='bbox 1360 2229 1482 2292; x_wconf 87' lang='lat' dir='ltr'><strong>uberem</strong></span> 
     </span>
     <span class='ocr_line' id='line_1_17' title="bbox 331 2329 1482 2413; baseline -0.001 -20"><span class='ocrx_word' id='word_1_142' title='bbox 331 2344 363 2393; x_wconf 85' lang='lat'><strong>15</strong></span> <span class='ocrx_word' id='word_1_143' title='bbox 381 2339 410 2392; x_wconf 89' lang='lat' dir='ltr'><strong>et</strong></span> <span class='ocrx_word' id='word_1_144' title='bbox 424 2332 567 2413; x_wconf 85' lang='lat' dir='ltr'><strong>prolixam</strong></span> <span class='ocrx_word' id='word_1_145' title='bbox 581 2351 646 2394; x_wconf 87' lang='lat' dir='ltr'><strong>rem</strong></span> <span class='ocrx_word' id='word_1_146' title='bbox 658 2332 831 2394; x_wconf 90' lang='lat' dir='ltr'><strong>familiarem</strong></span> <span class='ocrx_word' id='word_1_147' title='bbox 846 2332 968 2393; x_wconf 88' lang='lat' dir='ltr'><strong>sortitus</strong></span> <span class='ocrx_word' id='word_1_148' title='bbox 983 2329 1050 2393; x_wconf 72' lang='lat' dir='ltr'><strong>est?</strong></span> <span class='ocrx_word' id='word_1_149' title='bbox 1065 2351 1156 2407; x_wconf 89' lang='lat' dir='ltr'><strong>erras,</strong></span> <span class='ocrx_word' id='word_1_150' title='bbox 1171 2333 1338 2407; x_wconf 80' lang='lat' dir='ltr'><strong>Aemiliane,</strong></span> <span class='ocrx_word' id='word_1_151' title='bbox 1353 2339 1383 2393; x_wconf 86' lang='lat' dir='ltr'><strong>et</strong></span> <span class='ocrx_word' id='word_1_152' title='bbox 1395 2333 1482 2410; x_wconf 91' lang='lat' dir='ltr'><strong>longe</strong></span> 
     </span>
     <span class='ocr_line' id='line_1_18' title="bbox 378 2434 1482 2515; baseline 0 -21"><span class='ocrx_word' id='word_1_153' title='bbox 378 2434 467 2494; x_wconf 91' lang='lat' dir='ltr'><strong>huius</strong></span> <span class='ocrx_word' id='word_1_154' title='bbox 481 2434 571 2495; x_wconf 90' lang='lat' dir='ltr'><strong>animi</strong></span> <span class='ocrx_word' id='word_1_155' title='bbox 583 2435 695 2496; x_wconf 88' lang='lat' dir='ltr'><strong>frustra</strong></span> <span class='ocrx_word' id='word_1_156' title='bbox 709 2453 751 2509; x_wconf 89' lang='lat' dir='ltr'><strong>es,</strong></span> <span class='ocrx_word' id='word_1_157' title='bbox 766 2435 792 2497; x_wconf 92' lang='lat' dir='ltr'><strong>si</strong></span> <span class='ocrx_word' id='word_1_158' title='bbox 806 2453 874 2496; x_wconf 90' lang='lat' dir='ltr'><strong>eum</strong></span> <span class='ocrx_word' id='word_1_159' title='bbox 889 2453 924 2496; x_wconf 88' lang='lat' dir='ltr'><strong>ex</strong></span> <span class='ocrx_word' id='word_1_160' title='bbox 937 2435 1074 2496; x_wconf 80' lang='lat' dir='ltr'><strong>sonorae</strong></span> <span class='ocrx_word' id='word_1_161' title='bbox 1087 2435 1274 2514; x_wconf 85' lang='lat' dir='ltr'><strong>indulgentia,</strong></span> <span class='ocrx_word' id='word_1_162' title='bbox 1289 2453 1351 2497; x_wconf 91' lang='lat' dir='ltr'><strong>non</strong></span> <span class='ocrx_word' id='word_1_163' title='bbox 1365 2453 1401 2496; x_wconf 83' lang='lat' dir='ltr'><strong>ex</strong></span> <span class='ocrx_word' id='word_1_164' title='bbox 1413 2434 1482 2515; x_wconf 88' lang='lat' dir='ltr'><strong>phi·</strong></span> 
     </span>
     <span class='ocr_line' id='line_1_19' title="bbox 379 2535 1482 2616; baseline 0.002 -19"><span class='ocrx_word' id='word_1_165' title='bbox 379 2535 530 2615; x_wconf 88' lang='lat' dir='ltr'><strong>losophiae</strong></span> <span class='ocrx_word' id='word_1_166' title='bbox 549 2555 673 2599; x_wconf 88' lang='lat' dir='ltr'><strong>censura</strong></span> <span class='ocrx_word' id='word_1_167' title='bbox 691 2537 818 2611; x_wconf 87' lang='lat' dir='ltr'><strong>metiris,</strong></span> <span class='ocrx_word' id='word_1_168' title='bbox 844 2537 869 2599; x_wconf 90' lang='lat' dir='ltr'><strong>si</strong></span> <span class='ocrx_word' id='word_1_169' title='bbox 890 2536 989 2599; x_wconf 88' lang='lat' dir='ltr'><strong>uirum</strong></span> <span class='ocrx_word' id='word_1_170' title='bbox 1014 2544 1076 2600; x_wconf 90' lang='lat' dir='ltr'><strong>tam</strong></span> <span class='ocrx_word' id='word_1_171' title='bbox 1096 2545 1228 2600; x_wconf 87' lang='lat' dir='ltr'><strong>austerae</strong></span> <span class='ocrx_word' id='word_1_172' title='bbox 1249 2545 1345 2600; x_wconf 86' lang='lat' dir='ltr'><strong>sectae</strong></span> <span class='ocrx_word' id='word_1_173' title='bbox 1363 2544 1482 2616; x_wconf 86' lang='lat' dir='ltr'><strong>tamque</strong></span> 
     </span>
    </p>
   </div>
   <div class='ocr_carea' id='block_1_3' title="bbox 417 2742 1478 4073">
    <p class='ocr_par' dir='ltr' id='par_1_3' title="bbox 417 2742 1478 2979">
     <span class='ocr_line' id='line_1_20' title="bbox 417 2742 1411 2809; baseline 0.004 -17"><span class='ocrx_word' id='word_1_174' title='bbox 417 2742 538 2796; x_wconf 85' lang='lat' dir='ltr'><strong>lSenee.</strong></span> <span class='ocrx_word' id='word_1_175' title='bbox 557 2745 650 2796; x_wconf 84' lang='lat' dir='ltr'><strong>consol</strong></span> <span class='ocrx_word' id='word_1_176' title='bbox 669 2744 702 2792; x_wconf 85' lang='lat' dir='ltr'><strong>ed</strong></span> <span class='ocrx_word' id='word_1_177' title='bbox 719 2744 791 2797; x_wconf 82' lang='lat' dir='ltr'><strong>Helu.</strong></span> <span class='ocrx_word' id='word_1_178' title='bbox 812 2746 859 2796; x_wconf 81' lang='lat'><strong>12:</strong></span> <span class='ocrx_word' id='word_1_179' title='bbox 890 2758 968 2793; x_wconf 89' lang='lat' dir='ltr'><strong>unum</strong></span> <span class='ocrx_word' id='word_1_180' title='bbox 996 2744 1071 2794; x_wconf 87' lang='lat' dir='ltr'><strong>fuisse</strong></span> <span class='ocrx_word' id='word_1_181' title='bbox 1094 2745 1204 2793; x_wconf 85' lang='lat' dir='ltr'><strong>Homero</strong></span> <span class='ocrx_word' id='word_1_182' title='bbox 1226 2759 1334 2809; x_wconf 86' lang='lat' dir='ltr'><strong>seruum,</strong></span> <span class='ocrx_word' id='word_1_183' title='bbox 1362 2753 1411 2796; x_wconf 88' lang='lat' dir='ltr'><strong>tres</strong></span> 
     </span>
     <span class='ocr_line' id='line_1_21' title="bbox 450 2828 1478 2894; baseline 0.002 -15"><span class='ocrx_word' id='word_1_184' title='bbox 450 2830 560 2891; x_wconf 83' lang='lat' dir='ltr'><strong>Platoni,</strong></span> <span class='ocrx_word' id='word_1_185' title='bbox 578 2829 673 2878; x_wconf 82' lang='lat' dir='ltr'><strong>nubum</strong></span> <span class='ocrx_word' id='word_1_186' title='bbox 690 2829 795 2892; x_wconf 86' lang='lat' dir='ltr'><strong>Zenoni,</strong></span> <span class='ocrx_word' id='word_1_187' title='bbox 819 2843 834 2877; x_wconf 88' lang='lat' dir='ltr'><strong>a</strong></span> <span class='ocrx_word' id='word_1_188' title='bbox 859 2843 909 2893; x_wconf 89' lang='lat' dir='ltr'><strong>quo</strong></span> <span class='ocrx_word' id='word_1_189' title='bbox 928 2830 1012 2894; x_wconf 87' lang='lat' dir='ltr'><strong>coepit</strong></span> <span class='ocrx_word' id='word_1_190' title='bbox 1030 2828 1168 2878; x_wconf 85' lang='lat' dir='ltr'><strong>Stoicorum</strong></span> <span class='ocrx_word' id='word_1_191' title='bbox 1185 2829 1264 2894; x_wconf 87' lang='lat' dir='ltr'><strong>rigide</strong></span> <span class='ocrx_word' id='word_1_192' title='bbox 1288 2845 1318 2880; x_wconf 88' lang='lat' dir='ltr'><strong>ae</strong></span> <span class='ocrx_word' id='word_1_193' title='bbox 1336 2831 1412 2880; x_wconf 85' lang='lat' dir='ltr'><strong>uirilis</strong></span> <span class='ocrx_word' id='word_1_194' title='bbox 1475 2864 1478 2869; x_wconf 91' lang='lat'><em>-</em></span> 
     </span>
     <span class='ocr_line' id='line_1_22' title="bbox 450 2914 782 2979; baseline 0.003 -16"><span class='ocrx_word' id='word_1_195' title='bbox 450 2914 580 2979; x_wconf 86' lang='lat' dir='ltr'><strong>sapientia,</strong></span> <span class='ocrx_word' id='word_1_196' title='bbox 598 2915 657 2964; x_wconf 87' lang='lat' dir='ltr'><strong>satis</strong></span> <span class='ocrx_word' id='word_1_197' title='bbox 676 2918 782 2964; x_wconf 76' lang='lat' dir='ltr'><strong>conant.</strong></span> 
     </span>
    </p>

    <p class='ocr_par' dir='ltr' id='par_1_4' title="bbox 422 2995 1414 3640">
     <span class='ocr_line' id='line_1_23' title="bbox 422 2995 1411 3062; baseline 0.005 -16"><span class='ocrx_word' id='word_1_198' title='bbox 422 2997 437 3046; x_wconf 85' lang='lat'><strong>5</strong></span> <span class='ocrx_word' id='word_1_199' title='bbox 457 2997 540 3050; x_wconf 87' lang='lat' dir='ltr'><strong>Valer.</strong></span> <span class='ocrx_word' id='word_1_200' title='bbox 564 2995 747 3062; x_wconf 86' lang='lat' dir='ltr'><strong>max.IH14,</strong></span> <span class='ocrx_word' id='word_1_201' title='bbox 767 2998 812 3047; x_wconf 83' lang='grc' dir='ltr'><strong>1οι</strong></span> <span class='ocrx_word' id='word_1_202' title='bbox 839 2998 923 3062; x_wconf 87' lang='lat' dir='ltr'><strong>itaque</strong></span> <span class='ocrx_word' id='word_1_203' title='bbox 946 3012 1003 3046; x_wconf 88' lang='lat' dir='ltr'><strong>eum</strong></span> <span class='ocrx_word' id='word_1_204' title='bbox 1026 2998 1136 3047; x_wconf 89' lang='lat' dir='ltr'><strong>secundo</strong></span> <span class='ocrx_word' id='word_1_205' title='bbox 1158 2998 1254 3050; x_wconf 87' lang='lat' dir='ltr'><strong>Punico</strong></span> <span class='ocrx_word' id='word_1_206' title='bbox 1276 3001 1340 3050; x_wconf 87' lang='lat' dir='ltr'><strong>bello</strong></span> <span class='ocrx_word' id='word_1_207' title='bbox 1365 2999 1411 3050; x_wconf 86' lang='lat' dir='ltr'><strong>Cn.</strong></span> 
     </span>
     <span class='ocr_line' id='line_1_24' title="bbox 451 3080 1413 3147; baseline 0.002 -15"><span class='ocrx_word' id='word_1_208' title='bbox 451 3080 533 3146; x_wconf 88' lang='lat' dir='ltr'><strong>Scipio</strong></span> <span class='ocrx_word' id='word_1_209' title='bbox 557 3097 590 3132; x_wconf 88' lang='lat' dir='ltr'><strong>ex</strong></span> <span class='ocrx_word' id='word_1_210' title='bbox 612 3082 733 3147; x_wconf 85' lang='lat' dir='ltr'><strong>Hispania</strong></span> <span class='ocrx_word' id='word_1_211' title='bbox 755 3083 852 3132; x_wconf 86' lang='lat' dir='ltr'><strong>senatui</strong></span> <span class='ocrx_word' id='word_1_212' title='bbox 875 3083 1024 3146; x_wconf 84' lang='lat' dir='ltr'><strong>scripsisset,</strong></span> <span class='ocrx_word' id='word_1_213' title='bbox 1056 3086 1144 3146; x_wconf 85' lang='lat' dir='ltr'><strong>petens</strong></span> <span class='ocrx_word' id='word_1_214' title='bbox 1166 3087 1194 3131; x_wconf 88' lang='lat' dir='ltr'><strong>ut</strong></span> <span class='ocrx_word' id='word_1_215' title='bbox 1217 3085 1262 3134; x_wconf 87' lang='lat' dir='ltr'><strong>sibi</strong></span> <span class='ocrx_word' id='word_1_216' title='bbox 1284 3098 1413 3134; x_wconf 89' lang='lat' dir='ltr'><strong>successor</strong></span> 
     </span>
     <span class='ocr_line' id='line_1_25' title="bbox 450 3166 1413 3234; baseline 0.002 -18"><span class='ocrx_word' id='word_1_217' title='bbox 450 3167 596 3231; x_wconf 82' lang='lat' dir='ltr'><strong>mitteretur,</strong></span> <span class='ocrx_word' id='word_1_218' title='bbox 622 3167 681 3230; x_wconf 86' lang='lat' dir='ltr'><strong>qnia</strong></span> <span class='ocrx_word' id='word_1_219' title='bbox 703 3167 779 3216; x_wconf 83' lang='lat' dir='ltr'><strong>filiam</strong></span> <span class='ocrx_word' id='word_1_220' title='bbox 802 3167 924 3230; x_wconf 85' lang='lat' dir='ltr'><strong>uirginem</strong></span> <span class='ocrx_word' id='word_1_221' title='bbox 942 3166 1041 3216; x_wconf 82' lang='lat' dir='ltr'><strong>adultae</strong></span> <span class='ocrx_word' id='word_1_222' title='bbox 1060 3166 1110 3215; x_wconf 84' lang='lat' dir='ltr'><strong>iem</strong></span> <span class='ocrx_word' id='word_1_223' title='bbox 1129 3168 1217 3216; x_wconf 75' lang='lat' dir='ltr'><strong>aetatis</strong></span> <span class='ocrx_word' id='word_1_224' title='bbox 1233 3168 1345 3234; x_wconf 78' lang='lat' dir='ltr'><strong>haberet,</strong></span> <span class='ocrx_word' id='word_1_225' title='bbox 1369 3183 1413 3218; x_wconf 89' lang='lat' dir='ltr'><strong>ne-</strong></span> 
     </span>
     <span class='ocr_line' id='line_1_26' title="bbox 451 3250 1413 3317; baseline 0.002 -17"><span class='ocrx_word' id='word_1_226' title='bbox 451 3266 498 3315; x_wconf 88' lang='lat' dir='ltr'><strong>que</strong></span> <span class='ocrx_word' id='word_1_227' title='bbox 516 3251 540 3301; x_wconf 87' lang='lat' dir='ltr'><strong>ei</strong></span> <span class='ocrx_word' id='word_1_228' title='bbox 556 3250 609 3301; x_wconf 90' lang='lat' dir='ltr'><strong>sine</strong></span> <span class='ocrx_word' id='word_1_229' title='bbox 627 3265 654 3302; x_wconf 94' lang='lat' dir='ltr'><strong>se</strong></span> <span class='ocrx_word' id='word_1_230' title='bbox 672 3252 718 3301; x_wconf 88' lang='lat' dir='ltr'><strong>dos</strong></span> <span class='ocrx_word' id='word_1_231' title='bbox 736 3251 846 3316; x_wconf 82' lang='lat' dir='ltr'><strong>expediri</strong></span> <span class='ocrx_word' id='word_1_232' title='bbox 862 3257 963 3314; x_wconf 74' lang='lat' dir='ltr'><strong>ponet:</strong></span> <span class='ocrx_word' id='word_1_233' title='bbox 981 3258 1089 3313; x_wconf 76' lang='lat' dir='ltr'><strong>senatus,</strong></span> <span class='ocrx_word' id='word_1_234' title='bbox 1112 3265 1145 3301; x_wconf 87' lang='lat' dir='ltr'><strong>ue</strong></span> <span class='ocrx_word' id='word_1_235' title='bbox 1168 3266 1209 3303; x_wconf 83' lang='lat' dir='ltr'><strong>res</strong></span> <span class='ocrx_word' id='word_1_236' title='bbox 1226 3253 1326 3317; x_wconf 58' lang='lat' dir='ltr'><strong>publeci</strong></span> <span class='ocrx_word' id='word_1_237' title='bbox 1347 3253 1413 3303; x_wconf 90' lang='lat' dir='ltr'><strong>beno</strong></span> 
     </span>
     <span class='ocr_line' id='line_1_27' title="bbox 450 3335 1414 3401; baseline 0.003 -18"><span class='ocrx_word' id='word_1_238' title='bbox 450 3336 513 3385; x_wconf 85' lang='lat' dir='ltr'><strong>duee</strong></span> <span class='ocrx_word' id='word_1_239' title='bbox 531 3342 638 3399; x_wconf 84' lang='lat' dir='ltr'><strong>careret,</strong></span> <span class='ocrx_word' id='word_1_240' title='bbox 660 3337 738 3401; x_wconf 73' lang='lat' dir='ltr'><strong>petris</strong></span> <span class='ocrx_word' id='word_1_241' title='bbox 756 3336 803 3387; x_wconf 89' lang='lat' dir='ltr'><strong>sibi</strong></span> <span class='ocrx_word' id='word_1_242' title='bbox 818 3342 902 3400; x_wconf 85' lang='lat' dir='ltr'><strong>partes</strong></span> <span class='ocrx_word' id='word_1_243' title='bbox 924 3335 1073 3401; x_wconf 87' lang='lat' dir='ltr'><strong>desumpsit,</strong></span> <span class='ocrx_word' id='word_1_244' title='bbox 1097 3335 1250 3401; x_wconf 85' lang='lat' dir='ltr'><strong>consilioque</strong></span> <span class='ocrx_word' id='word_1_245' title='bbox 1272 3337 1359 3387; x_wconf 74' lang='lat' dir='ltr'><strong>uxoris</strong></span> <span class='ocrx_word' id='word_1_246' title='bbox 1382 3351 1414 3386; x_wconf 86' lang='lat' dir='ltr'><strong>ec</strong></span> 
     </span>
     <span class='ocr_line' id='line_1_28' title="bbox 448 3418 1413 3486; baseline 0.002 -18"><span class='ocrx_word' id='word_1_247' title='bbox 448 3420 644 3485; x_wconf 87' lang='lat' dir='ltr'><strong>propinquorum</strong></span> <span class='ocrx_word' id='word_1_248' title='bbox 663 3421 783 3486; x_wconf 87' lang='lat' dir='ltr'><strong>Scipionis</strong></span> <span class='ocrx_word' id='word_1_249' title='bbox 802 3419 935 3470; x_wconf 81' lang='lat' dir='ltr'><strong>constituta</strong></span> <span class='ocrx_word' id='word_1_250' title='bbox 960 3418 1033 3484; x_wconf 87' lang='lat' dir='ltr'><strong>dote,</strong></span> <span class='ocrx_word' id='word_1_251' title='bbox 1056 3434 1180 3471; x_wconf 88' lang='lat' dir='ltr'><strong>summam</strong></span> <span class='ocrx_word' id='word_1_252' title='bbox 1198 3421 1249 3470; x_wconf 88' lang='lat' dir='ltr'><strong>eius</strong></span> <span class='ocrx_word' id='word_1_253' title='bbox 1267 3435 1300 3470; x_wconf 90' lang='lat' dir='ltr'><strong>ex</strong></span> <span class='ocrx_word' id='word_1_254' title='bbox 1318 3422 1413 3486; x_wconf 77' lang='lat' dir='ltr'><strong>nerano</strong></span> 
     </span>
     <span class='ocr_line' id='line_1_29' title="bbox 450 3502 1414 3570; baseline 0.002 -17"><span class='ocrx_word' id='word_1_255' title='bbox 450 3505 561 3568; x_wconf 87' lang='lat' dir='ltr'><strong>erogauit</strong></span> <span class='ocrx_word' id='word_1_256' title='bbox 592 3518 622 3552; x_wconf 87' lang='lat' dir='ltr'><strong>ac</strong></span> <span class='ocrx_word' id='word_1_257' title='bbox 654 3505 763 3570; x_wconf 76' lang='lat' dir='ltr'><strong>puellam</strong></span> <span class='ocrx_word' id='word_1_258' title='bbox 796 3510 901 3569; x_wconf 88' lang='lat' dir='ltr'><strong>nuptum</strong></span> <span class='ocrx_word' id='word_1_259' title='bbox 933 3504 1008 3556; x_wconf 87' lang='lat' dir='ltr'><strong>dedit.</strong></span> <span class='ocrx_word' id='word_1_260' title='bbox 1059 3504 1122 3555; x_wconf 87' lang='lat' dir='ltr'><strong>dotis</strong></span> <span class='ocrx_word' id='word_1_261' title='bbox 1149 3504 1249 3556; x_wconf 82' lang='lat' dir='ltr'><strong>modus.</strong></span> <span class='ocrx_word' id='word_1_262' title='bbox 1263 3505 1311 3554; x_wconf 90' lang='lat' dir='ltr'><strong>XL</strong></span> <span class='ocrx_word' id='word_1_263' title='bbox 1346 3502 1414 3555; x_wconf 79' lang='lat' dir='ltr'><strong>milia</strong></span> 
     </span>
     <span class='ocr_line' id='line_1_30' title="bbox 450 3588 587 3640; baseline 0.022 -2"><span class='ocrx_word' id='word_1_264' title='bbox 450 3590 514 3638; x_wconf 85' lang='lat' dir='ltr'><strong>aeris</strong></span> <span class='ocrx_word' id='word_1_265' title='bbox 534 3588 587 3640; x_wconf 84' lang='lat' dir='ltr'><strong>fuit.</strong></span> 
     </span>
    </p>

    <p class='ocr_par' dir='ltr' id='par_1_5' title="bbox 418 3672 1413 3905">
     <span class='ocr_line' id='line_1_31' title="bbox 418 3672 1413 3738; baseline -0.001 -15"><span class='ocrx_word' id='word_1_266' title='bbox 418 3676 431 3722; x_wconf 89' lang='grc'><strong>7</strong></span> <span class='ocrx_word' id='word_1_267' title='bbox 450 3673 506 3723; x_wconf 87' lang='lat' dir='ltr'><strong>Liu.</strong></span> <span class='ocrx_word' id='word_1_268' title='bbox 526 3673 553 3722; x_wconf 92' lang='lat' dir='ltr'><strong>II</strong></span> <span class='ocrx_word' id='word_1_269' title='bbox 572 3673 614 3735; x_wconf 79' lang='lat'><strong>83,</strong></span> <span class='ocrx_word' id='word_1_270' title='bbox 636 3672 680 3721; x_wconf 87' lang='lat'><strong>10:</strong></span> <span class='ocrx_word' id='word_1_271' title='bbox 699 3673 787 3723; x_wconf 88' lang='lat' dir='ltr'><strong>eodem</strong></span> <span class='ocrx_word' id='word_1_272' title='bbox 805 3687 872 3722; x_wconf 86' lang='lat' dir='ltr'><strong>anno</strong></span> <span class='ocrx_word' id='word_1_273' title='bbox 892 3674 1006 3738; x_wconf 81' lang='lat' dir='ltr'><strong>Agrippa</strong></span> <span class='ocrx_word' id='word_1_274' title='bbox 1023 3674 1154 3724; x_wconf 87' lang='lat' dir='ltr'><strong>Menenius</strong></span> <span class='ocrx_word' id='word_1_275' title='bbox 1172 3675 1282 3726; x_wconf 80' lang='lat' dir='ltr'><strong>moritur.</strong></span> <span class='ocrx_word' id='word_1_276' title='bbox 1302 3697 1334 3709; x_wconf 88' lang='lat'><em>-</em></span> <span class='ocrx_word' id='word_1_277' title='bbox 1353 3673 1413 3722; x_wconf 87' lang='lat' dir='ltr'><strong>huie</strong></span> 
     </span>
     <span class='ocr_line' id='line_1_32' title="bbox 451 3756 1413 3835; baseline 0.002 -31"><span class='ocrx_word' id='word_1_278' title='bbox 451 3784 484 3835; x_wconf 49' lang='lat'><strong>-5</strong></span> <span class='ocrx_word' id='word_1_279' title='bbox 504 3763 617 3821; x_wconf 88' lang='lat' dir='ltr'><strong>sumptus</strong></span> <span class='ocrx_word' id='word_1_280' title='bbox 635 3756 716 3806; x_wconf 83' lang='lat' dir='ltr'><strong>funeri</strong></span> <span class='ocrx_word' id='word_1_281' title='bbox 741 3757 832 3806; x_wconf 85' lang='lat' dir='ltr'><strong>defuit:</strong></span> <span class='ocrx_word' id='word_1_282' title='bbox 860 3758 947 3807; x_wconf 84' lang='lat' dir='ltr'><strong>extulit</strong></span> <span class='ocrx_word' id='word_1_283' title='bbox 972 3773 1029 3807; x_wconf 90' lang='lat' dir='ltr'><strong>enm</strong></span> <span class='ocrx_word' id='word_1_284' title='bbox 1051 3758 1120 3822; x_wconf 89' lang='lat' dir='ltr'><strong>plebs</strong></span> <span class='ocrx_word' id='word_1_285' title='bbox 1143 3758 1296 3807; x_wconf 75' lang='lat' dir='ltr'><strong>sextantibus</strong></span> <span class='ocrx_word' id='word_1_286' title='bbox 1319 3757 1413 3806; x_wconf 69' lang='lat' dir='ltr'><strong>cellans</strong></span> 
     </span>
     <span class='ocr_line' id='line_1_33' title="bbox 449 3841 699 3905; baseline -0.008 -14"><span class='ocrx_word' id='word_1_287' title='bbox 449 3842 475 3891; x_wconf 91' lang='lat' dir='ltr'><strong>in</strong></span> <span class='ocrx_word' id='word_1_288' title='bbox 494 3841 583 3905; x_wconf 85' lang='lat' dir='ltr'><strong>capita.</strong></span> <span class='ocrx_word' id='word_1_289' title='bbox 697 3842 699 3848; x_wconf 85' lang='lat'>&#39;</span> 
     </span>
    </p>

    <p class='ocr_par' dir='ltr' id='par_1_6' title="bbox 417 3924 1413 4073">
     <span class='ocr_line' id='line_1_34' title="bbox 417 3924 1413 3988; baseline 0.003 -15"><span class='ocrx_word' id='word_1_290' title='bbox 417 3927 432 3974; x_wconf 82' lang='grc'><strong>9</strong></span> <span class='ocrx_word' id='word_1_291' title='bbox 451 3924 515 3977; x_wconf 89' lang='lat' dir='ltr'><strong>Plin.</strong></span> <span class='ocrx_word' id='word_1_292' title='bbox 532 3930 587 3977; x_wconf 86' lang='lat' dir='ltr'><strong>nat.</strong></span> <span class='ocrx_word' id='word_1_293' title='bbox 605 3926 663 3974; x_wconf 90' lang='lat' dir='ltr'><strong>hist.</strong></span> <span class='ocrx_word' id='word_1_294' title='bbox 694 3924 780 3975; x_wconf 82' lang='lat' dir='ltr'><strong>xvul</strong></span> <span class='ocrx_word' id='word_1_295' title='bbox 800 3926 823 3988; x_wconf 84' lang='lat'><strong>3,</strong></span> <span class='ocrx_word' id='word_1_296' title='bbox 843 3925 889 3973; x_wconf 78' lang='lat'><strong>20:</strong></span> <span class='ocrx_word' id='word_1_297' title='bbox 914 3930 1037 3975; x_wconf 88' lang='lat' dir='ltr'><strong>serentem</strong></span> <span class='ocrx_word' id='word_1_298' title='bbox 1059 3926 1206 3975; x_wconf 84' lang='lat' dir='ltr'><strong>inuenerunt</strong></span> <span class='ocrx_word' id='word_1_299' title='bbox 1231 3926 1281 3975; x_wconf 87' lang='lat' dir='ltr'><strong>dati</strong></span> <span class='ocrx_word' id='word_1_300' title='bbox 1303 3926 1413 3976; x_wconf 86' lang='lat' dir='ltr'><strong>honores</strong></span> 
     </span>
     <span class='ocr_line' id='line_1_35' title="bbox 453 4008 930 4073; baseline -0.002 -14"><span class='ocrx_word' id='word_1_301' title='bbox 453 4008 596 4072; x_wconf 79' lang='lat' dir='ltr'><strong>Semnum,</strong></span> <span class='ocrx_word' id='word_1_302' title='bbox 613 4010 679 4060; x_wconf 87' lang='lat' dir='ltr'><strong>unde</strong></span> <span class='ocrx_word' id='word_1_303' title='bbox 697 4011 720 4059; x_wconf 92' lang='lat' dir='ltr'><strong>ei</strong></span> <span class='ocrx_word' id='word_1_304' title='bbox 738 4013 764 4059; x_wconf 87' lang='lat' dir='ltr'><strong>et</strong></span> <span class='ocrx_word' id='word_1_305' title='bbox 781 4023 930 4073; x_wconf 88' lang='lat' dir='ltr'><strong>cognomen.</strong></span> 
     </span>
    </p>
   </div>
   <div class='ocr_carea' id='block_1_4' title="bbox 380 4282 1485 4436">
    <p class='ocr_par' dir='ltr' id='par_1_7' title="bbox 380 4282 1485 4436">
     <span class='ocr_line' id='line_1_36' title="bbox 449 4282 1482 4355; baseline 0 -22"><span class='ocrx_word' id='word_1_306' title='bbox 449 4284 464 4334; x_wconf 86' lang='lat'><strong>3</strong></span> <span class='ocrx_word' id='word_1_307' title='bbox 482 4283 581 4350; x_wconf 91' lang='lat' dir='ltr'><strong>sinpulo</strong></span> <span class='ocrx_word' id='word_1_308' title='bbox 594 4284 614 4337; x_wconf 75' lang='lat' dir='ltr'>F</span> <span class='ocrx_word' id='word_1_309' title='bbox 628 4289 654 4337; x_wconf 83' lang='lat' dir='ltr'><strong>ct</strong></span> <span class='ocrx_word' id='word_1_310' title='bbox 663 4289 690 4337; x_wconf 84' lang='lat' dir='ltr'><strong>in</strong></span> <span class='ocrx_word' id='word_1_311' title='bbox 701 4284 863 4351; x_wconf 71' lang='lat' dir='ltr'><strong>marginem.</strong></span> <span class='ocrx_word' id='word_1_312' title='bbox 878 4285 1003 4351; x_wconf 87' lang='lat' dir='ltr'><strong>timpuuio‚</strong></span> <span class='ocrx_word' id='word_1_313' title='bbox 1022 4284 1113 4351; x_wconf 88' lang='lat' dir='ltr'><strong>ilpuuio</strong></span> <span class='ocrx_word' id='word_1_314' title='bbox 1126 4287 1302 4355; x_wconf 70' lang='lat' dir='ltr'><strong>iniuratum,</strong></span> <span class='ocrx_word' id='word_1_315' title='bbox 1320 4282 1437 4350; x_wconf 81' lang='lat' dir='ltr'><strong>Simpubo</strong></span> <span class='ocrx_word' id='word_1_316' title='bbox 1454 4299 1482 4334; x_wconf 83' lang='lat' dir='ltr'><strong>v:</strong></span> 
     </span>
     <span class='ocr_line' id='line_1_37' title="bbox 380 4363 1485 4436; baseline 0 -20"><span class='ocrx_word' id='word_1_317' title='bbox 380 4366 511 4431; x_wconf 79' lang='lat' dir='ltr'><strong>sympunio</strong></span> <span class='ocrx_word' id='word_1_318' title='bbox 523 4363 668 4417; x_wconf 77' lang='lat' dir='ltr'><strong>Seriverius</strong></span> <span class='ocrx_word' id='word_1_319' title='bbox 679 4363 689 4434; x_wconf 82' lang='lat' dir='ltr'><strong>i</strong></span> <span class='ocrx_word' id='word_1_320' title='bbox 701 4368 718 4417; x_wconf 88' lang='grc'>4</span> <span class='ocrx_word' id='word_1_321' title='bbox 730 4365 859 4418; x_wconf 80' lang='lat' dir='ltr'><strong>Fabritins</strong></span> <span class='ocrx_word' id='word_1_322' title='bbox 870 4382 888 4417; x_wconf 85' lang='lat' dir='ltr'>v</span> <span class='ocrx_word' id='word_1_323' title='bbox 902 4363 908 4433; x_wconf 91' lang='grc' dir='ltr'>Ι</span> <span class='ocrx_word' id='word_1_324' title='bbox 923 4365 971 4417; x_wconf 85' lang='lat' dir='ltr'><strong>Gn.</strong></span> <span class='ocrx_word' id='word_1_325' title='bbox 985 4367 1037 4436; x_wconf 68' lang='lat' dir='ltr'><strong>Fen,</strong></span> <span class='ocrx_word' id='word_1_326' title='bbox 1051 4365 1094 4417; x_wconf 79' lang='lat' dir='ltr'><strong>(lu.</strong></span> <span class='ocrx_word' id='word_1_327' title='bbox 1108 4383 1126 4418; x_wconf 89' lang='lat' dir='ltr'>v</span> <span class='ocrx_word' id='word_1_328' title='bbox 1140 4365 1145 4434; x_wconf 86' lang='grc' dir='ltr'>Ι</span> <span class='ocrx_word' id='word_1_329' title='bbox 1160 4364 1259 4417; x_wconf 82' lang='lat' dir='ltr'><strong>Manius</strong></span> <span class='ocrx_word' id='word_1_330' title='bbox 1271 4363 1319 4429; x_wconf 82' lang='lat' dir='ltr'><strong>uv,</strong></span> <span class='ocrx_word' id='word_1_331' title='bbox 1330 4380 1431 4418; x_wconf 83' lang='lat' dir='ltr'><strong>marcus</strong></span> <span class='ocrx_word' id='word_1_332' title='bbox 1443 4363 1485 4435; x_wconf 69' lang='lat' dir='ltr'><strong>pil</strong></span> 
     </span>
    </p>
   </div>
   <div class='ocr_carea' id='block_1_5' title="bbox 381 4456 1483 4654">
    <p class='ocr_par' dir='ltr' id='par_1_8' title="bbox 381 4456 1483 4654">
     <span class='ocr_line' id='line_1_38' title="bbox 381 4456 1483 4570; baseline 0.002 -21"><span class='ocrx_word' id='word_1_333' title='bbox 381 4456 535 4565; x_wconf 55' lang='lat' dir='ltr'><strong>Spepulop</strong></span> <span class='ocrx_word' id='word_1_334' title='bbox 561 4498 730 4567; x_wconf 74' lang='lat' dir='ltr'><strong>lextantibns</strong></span> <span class='ocrx_word' id='word_1_335' title='bbox 742 4500 951 4570; x_wconf 72' lang='lat' dir='ltr'><strong>Fvil9Attilius</strong></span> <span class='ocrx_word' id='word_1_336' title='bbox 964 4499 1032 4570; x_wconf 68' lang='lat' dir='ltr'><strong>rot</strong></span> <span class='ocrx_word' id='word_1_337' title='bbox 1057 4497 1321 4553; x_wconf 82' lang='lat' dir='ltr'><strong>10“illeomnes”F</strong></span> <span class='ocrx_word' id='word_1_338' title='bbox 1344 4497 1355 4567; x_wconf 87' lang='grc' dir='ltr'><strong>ΙΙ</strong></span> <span class='ocrx_word' id='word_1_339' title='bbox 1380 4464 1483 4551; x_wconf 69' lang='lat' dir='ltr'><strong>lituru-</strong></span> 
     </span>
     <span class='ocr_line' id='line_1_39' title="bbox 381 4577 1427 4654; baseline 0.001 -24"><span class='ocrx_word' id='word_1_340' title='bbox 381 4580 451 4632; x_wconf 89' lang='lat' dir='ltr'><strong>snles</strong></span> <span class='ocrx_word' id='word_1_341' title='bbox 465 4583 540 4632; x_wconf 75' lang='lat' dir='ltr'><strong>uncis</strong></span> <span class='ocrx_word' id='word_1_342' title='bbox 554 4580 647 4633; x_wconf 74' lang='lat' dir='ltr'><strong>inclusi</strong></span> <span class='ocrx_word' id='word_1_343' title='bbox 669 4579 679 4649; x_wconf 88' lang='grc' dir='ltr'><strong>ΙΙ</strong></span> <span class='ocrx_word' id='word_1_344' title='bbox 705 4583 888 4648; x_wconf 78' lang='lat' dir='ltr'><strong>15-1tllouge</strong></span> <span class='ocrx_word' id='word_1_345' title='bbox 900 4598 929 4634; x_wconf 88' lang='lat' dir='ltr'><strong>cs</strong></span> <span class='ocrx_word' id='word_1_346' title='bbox 941 4581 1074 4654; x_wconf 65' lang='lat' dir='ltr'><strong>frustrum</strong></span> <span class='ocrx_word' id='word_1_347' title='bbox 1098 4580 1109 4650; x_wconf 71' lang='lat' dir='ltr'><strong>ll</strong></span> <span class='ocrx_word' id='word_1_348' title='bbox 1133 4582 1163 4632; x_wconf 77' lang='lat'><strong>17</strong></span> <span class='ocrx_word' id='word_1_349' title='bbox 1177 4594 1255 4633; x_wconf 83' lang='lat' dir='ltr'><strong>censu</strong></span> <span class='ocrx_word' id='word_1_350' title='bbox 1266 4581 1393 4634; x_wconf 73' lang='lat' dir='ltr'><strong>Priorem</strong></span> <span class='ocrx_word' id='word_1_351' title='bbox 1416 4577 1427 4648; x_wconf 72' lang='lat' dir='ltr'>fl</span> 
     </span>
    </p>
   </div>
   <div class='ocr_carea' id='block_1_6' title="bbox 0 0 1939 5559">
    <p class='ocr_par' dir='ltr' id='par_1_9' title="bbox 0 0 1939 5559">
     <span class='ocr_line' id='line_1_40' title="bbox 0 0 1939 5559; baseline 0 0"><span class='ocrx_word' id='word_1_352' title='bbox 0 0 1939 5559; x_wconf 95' lang='lat' dir='ltr'><strong> </strong></span> 
     </span>
    </p>
   </div>
  </div>
 </body>
</html>
