3867 5559
459 759 500 825 66
803 758 1215 814 1..Al³vnnrnmndvnnlts1s

306 844 391 886 aaran
407 844 480 885 arsa
1467 843 1509 884 na.
1525 842 1635 884 oureus.

265 913 271 928 ’
385 921 441 977 Lvl
542 915 676 976 Etiamne
696 914 832 993 cuiquam
847 914 957 974 mirum
976 912 1069 974 uideri
1090 919 1198 993 potest,
1220 911 1267 973 cui
1283 912 1320 972 sit
1338 912 1396 972 ulla
1416 911 1560 974 memoria

456 1016 614 1095 religionis,
629 1016 782 1077 hominem
795 1021 841 1077 tot
854 1015 1001 1095 mysteriis
1016 1015 1104 1076 deum
1124 1015 1277 1076 conscium
1298 1014 1440 1094 quaedam
1460 1030 1562 1077 sacro·

456 1135 523 1180 nrm
538 1118 699 1197 crepundia
710 1118 791 1179 domi
802 1118 968 1192 adseruare,
984 1125 1070 1196 atque
1081 1135 1115 1178 aa
1125 1117 1202 1178 lineo
1213 1124 1292 1178 texto
1304 1116 1465 1190 inuoluere,
1482 1116 1562 1195 quod

455 1217 648 1298 purissimum
663 1225 708 1280 est
722 1219 812 1280 rebus
826 1219 936 1281 diuinis
947 1215 1171 1281 uelamentum?
1187 1217 1295 1299 quippe
1307 1220 1381 1293 lana,
1394 1217 1562 1297 segnissimi

352 1339 368 1378 r.
379 1336 442 1378 arcu.
457 1320 591 1400 corporis
605 1327 834 1395 excrementum,
849 1322 947 1401 pecori
963 1322 1100 1397 detracta,
1120 1322 1178 1383 iam
1196 1322 1263 1382 inde
1293 1317 1305 1405 Ι
1332 1320 1440 1400 Orphei
1460 1326 1489 1381 et
1502 1318 1562 1401 Py-
1583 1328 1601 1377 a

455 1422 594 1501 thagorae
620 1421 699 1483 scitis
726 1422 869 1503 profanus
894 1425 1020 1486 uestitus
1040 1431 1093 1486 est.
1129 1423 1279 1485 sedenim
1299 1421 1495 1484 mundissima
1510 1421 1565 1483 lini

456 1542 538 1603 seges
549 1523 626 1585 inter
637 1531 774 1604 optumas
784 1525 884 1606 nugas
899 1530 977 1588 terra
991 1534 1164 1590 exortanon
1175 1525 1265 1587 modo
1278 1525 1393 1586 indutui
1403 1530 1433 1584 et
1445 1522 1562 1585 amictui

455 1625 647 1687 sanctissimis
666 1627 875 1708 Aegyptiorum
894 1629 1104 1702 sacerdotibus,
1125 1626 1175 1690 sed
1198 1627 1313 1708 opertui
1338 1643 1456 1706 quoque
1473 1625 1564 1687 rebus

419 1798 421 1803 .
456 1727 546 1790 sacris
561 1735 729 1807 usurpatur.

522 1828 616 1907 Atque
627 1847 680 1908 ego
693 1829 764 1903 scio,
776 1833 936 1894 nonnullos
947 1838 976 1893 et
989 1850 1057 1893 cum
1068 1830 1170 1912 primis
1175 1829 1369 1892 Aemilianum
1379 1828 1471 1888 istum
1482 1826 1561 1888 lace-
1584 1827 1616 1883 to

352 1925 358 1935 '
455 1930 511 1992 tiae
521 1930 576 1991 sibi
585 1930 702 2004 habere,
714 1948 762 1993 res
772 1931 886 1994 diuinas
896 1933 1036 1997 deridere.
1056 1951 1135 2006 nam,
1146 1938 1179 1994 ut
1191 1931 1277 1993 audio
1289 1928 1561 2010 partimtleensium

457 2031 507 2111 qui
523 2032 612 2092 istum
632 2049 751 2105 nouere,
772 2034 847 2094 n'ulli
862 2034 917 2096 deo
934 2036 973 2097 ad
981 2039 1055 2098 istoc
1065 2034 1135 2096 aeui
1153 2031 1336 2113 supplicauit,
1352 2032 1466 2093 nullum
1483 2037 1561 2092 tem-

455 2132 538 2210 plum
548 2133 752 2211 frequentauit,
762 2135 786 2195 si
797 2135 899 2197 fanum
911 2135 1028 2216 aliquod
1038 2140 1208 2216 praetereat,
1219 2135 1301 2194 nefas
1311 2133 1408 2206 habet,
1420 2131 1560 2193 adunandi
1575 2145 1635 2196 (⁵1⁹)

456 2234 546 2312 gratia
560 2252 682 2295 manum
697 2235 785 2297 labris
801 2238 969 2299 admouere.
1005 2238 1059 2298 iste
1079 2254 1152 2299 uero
1171 2253 1225 2297 nec
1244 2235 1289 2296 dis
1314 2231 1490 2317 ruratiolnis,
1511 2233 1561 2312 qui

456 2353 524 2396 eum
538 2342 663 2415 pascunt
677 2355 711 2397 ac
724 2339 864 2413 uestium,
880 2339 987 2420 segetis
1002 2340 1076 2401 ullas
1090 2345 1141 2399 aut
1153 2337 1222 2399 uitis
1243 2343 1293 2398 aut
1308 2336 1403 2415 gregis
1417 2334 1560 2415 primitias
1583 2345 1617 2396 15

455 2437 599 2517 impartit:
614 2438 730 2499 nullum
744 2439 776 2500 in
786 2425 854 2501 uilla
865 2442 927 2502 eius
939 2442 1095 2503 delubrum
1106 2440 1205 2512 situm,
1217 2439 1315 2500 nullus
1335 2437 1426 2515 [locus
1438 2437 1497 2514 aut}
1514 2436 1561 2497 lu-

456 2556 509 2600 cus
520 2545 716 2599 consecratus.
742 2547 772 2599 et
786 2541 855 2619 quid
869 2561 924 2621 ego
939 2542 975 2603 de
989 2542 1056 2604 luco
1072 2548 1101 2603 et
1115 2540 1238 2604 delubro
1250 2535 1380 2619 loquor?
1394 2543 1501 2617 negant
1514 2537 1562 2598 ui-

456 2640 534 2702 disse
547 2659 581 2701 ae
596 2641 646 2720 qui
660 2641 743 2702 luere
757 2641 788 2701 in
802 2642 909 2705 tinibus
925 2645 989 2704 cius
1003 2662 1098 2705 unum
1113 2643 1216 2704 saltem
1231 2647 1282 2702 aut
1298 2640 1424 2720 lapidem
1438 2646 1560 2702 unctum

456 2749 507 2802 aut
520 2760 637 2804 ramum
657 2750 841 2806 coronatum.
871 2745 959 2824 igitur
979 2753 1155 2826 agnomenta
1175 2743 1201 2804 ei
1223 2742 1281 2805 duo
1308 2742 1413 2805 indita:
1435 2741 1561 2814 Charon,

456 2844 561 2904 utiam
577 2845 643 2918 dixi,
659 2845 697 2906 ob
713 2844 776 2906 oris
789 2852 818 2905 et
832 2846 922 2907 animi
936 2846 1092 2923 diritatem,
1107 2847 1160 2910 sed
1174 2847 1309 2920 alterum,
1330 2844 1409 2924 quod
1424 2842 1561 2905 libentius
1582 2854 1617 2906 to

475 3115 592 3183 bLoert.
611 3116 685 3181 Diog.
704 3116 766 3166 Vlll
786 3119 832 3166 192
856 3105 937 3182 στολὴ
956 3110 980 3168 δ’
1002 3110 1065 3183 αὐτῷ’
1091 3115 1270 3185 (Pythagoreo)
1288 3103 1374 3181 hrqu‘,
1398 3102 1507 3182 καθαρᾶ,

509 3197 550 3298 καί
566 3186 700 3294 capor'puva
717 3185 792 3250 λευκᾶ
810 3198 838 3268 ἐξ
857 3197 934 3270 ὶρίων·
958 3189 991 3252 τὲ
1009 3187 1055 3270 peip
1072 3193 1131 3251 λινῖἷ
1150 3190 1214 3252 οὔπω
1238 3199 1274 3259 εἰς
1295 3194 1397 3258 ἐκείνους
1414 3191 1505 3267 alpiaco

510 3300 565 3340 τους
582 3299 678 3341 aenove.

344 3356 348 3367 ²
457 3366 490 3414 20
508 3380 566 3430 pag.
587 3367 628 3430 32,
648 3368 673 3416 9.

524 3581 700 3651 tmysteririm
713 3585 879 3639 Carantonus
904 3585 909 3652 Ι
935 3587 976 3639 dria
994 3587 1014 3640 ll
1038 3586 1049 3657 Ι
1071 3589 1128 3640 :lca
1142 3603 1162 3653 ς,
1176 3603 1206 3640 eo
1218 3587 1289 3658 rpv
1311 3584 1322 3658 Ι
1345 3585 1426 3640 det-‘r
1444 3584 1558 3637 scribon·

454 3665 517 3717 dum
536 3666 637 3717 videtur
654 3667 795 3729 segnissimi
814 3669 914 3734 pecoris
935 3676 1131 3733 excrementum,
1150 3669 1307 3735 glcrrcrnate
1324 3670 1428 3734 corpori
1443 3667 1561 3717 detractu

455 3745 554 3796 recluso
578 3743 588 3812 Ι
613 3746 782 3813 6proplmnns
794 3749 833 3801 rv
856 3747 866 3816 Ι
890 3750 1075 3815 raptamur,
1094 3750 1200 3815 optimas
1212 3766 1252 3820 φν
1275 3749 1286 3819 ΙΙ
1310 3750 1414 3800 Seerda
1426 3745 1558 3797 sanctissi-

454 3827 526 3881 mis-
536 3833 633 3894 quo'que
649 3831 711 3898 turp
728 3833 823 3881 oraim
838 3835 908 3895 sunt,
921 3835 1015 3882 extant
1030 3835 1117 3882 autem
1131 3835 1158 3882 in
1170 3831 1236 3882 calce
1262 3829 1266 3899 Ι
1297 3831 1323 3880 ἰιι
1334 3829 1410 3880 rebus
1422 3842 1444 3879 s.
1462 3827 1491 3881 V
1489 3827 1558 3878 ulca-

455 3911 515 3959 nius
548 3905 559 3976 ΙΙ
595 3910 626 3961 10
638 3911 708 3976 atqui
718 3910 843 3962 Flortdur
874 3908 884 3978 Ι
917 3912 946 3962 ll
961 3912 1074 3964 diuinav
1105 3911 1109 3980 Ι
1136 3911 1227 3980 purtim
1240 3911 1351 3962 censium
1363 3911 1434 3978 rqv,
1451 3922 1557 3974 percen-

456 3987 569 4039 sentibus
580 3988 611 4038 iis
625 4005 648 4045 r:
661 3989 958 4043 emendavissemus
974 3991 1010 4043 ad
1024 3991 1104 4045 Soltn.
1119 4010 1146 4064 p.
1158 3993 1206 4043 227
1240 3989 1250 4059 Ι
1280 3992 1311 4042 12
1328 3991 1360 4042 ad
1375 3991 1441 4042 istoc
1453 3992 1560 4058 scripsi:

456 4067 651 4133 adtrasurathoc
664 4070 694 4135 F,
707 4070 757 4136 adii
770 4072 817 4121 loc
831 4087 862 4138 φ,
875 4071 906 4121 ad
917 4072 994 4124 hocv
1009 4070 1015 4140 Ι
1030 4073 1071 4124 ani
1084 4072 1104 4124 ll
1119 4071 1125 4136 Ι
1140 4072 1291 4138 supplicarit
1304 4072 1324 4123 F
1337 4074 1364 4122 tn
1375 4085 1472 4122 rasura
1491 4066 1501 4136 ΙΙ
1523 4068 1556 4119 ¹3

456 4149 487 4200 ad
497 4147 567 4200 nelas
580 4167 611 4217 φ,
624 4149 717 4214 nephas
728 4167 745 4202 v
769 4148 779 4217 Ι
804 4151 836 4202 14
847 4141 931 4214 matta
943 4167 964 4216 ς,
981 4152 1089 4215 matium
1097 4151 1150 4221 Εφ,
1162 4153 1217 4216 ἕνα
1229 4168 1246 4202 v
1265 4150 1269 4220 Ι
1293 4152 1337 4203 isti
1349 4151 1394 4219 sz
1413 4149 1418 4216 Ι
1438 4150 1487 4201 diis
1494 4149 1535 4223 Er
1556 4147 1561 4216 Ι

456 4228 632 4281 disrurationis
645 4246 668 4297 φ
680 4228 690 4297 Ι
704 4231 737 4291 157
747 4230 873 4296 primicias
885 4246 903 4282 v
914 4230 925 4301 ΙΙ
943 4232 974 4282 16
987 4232 1059 4283 locus
1075 4240 1119 4284 ant
1134 4233 1241 4284 secludi
1251 4232 1356 4284 Iahnius
1368 4229 1377 4298 ΙΙ
1391 4230 1422 4282 tt
1435 4233 1470 4294 et]
1484 4244 1513 4280 ec
1525 4229 1558 4280 F:

456 4310 502 4360 aad
519 4308 662 4362 Groslotr'ur
688 4307 698 4377 Ι
724 4310 756 4361 18
771 4310 796 4361 in
813 4311 1057 4364 tinibusaiusunnm
1068 4313 1158 4365 saltam
1171 4316 1420 4381 trmsrposm'auuum
1431 4311 1562 4363 antonin

456 4388 547 4440 tinibus
558 4391 613 4442 eius
625 4391 698 4460 Frpv:
715 4388 787 4443 fuera
800 4392 843 4459 qui
853 4400 945 4456 negant
956 4392 1052 4445 uidisse
1064 4407 1092 4444 rc
1107 4394 1147 4445 cel
1158 4402 1249 4458 negant
1260 4393 1356 4446 uidisse
1368 4408 1395 4443 re
1408 4394 1451 4461 qui
1464 4393 1560 4470 affuere
1629 4402 1631 4405 ’

416 4520 423 4532 ,
455 4469 579 4521 Prienam
614 4469 623 4537 Ι
660 4472 691 4524 19
707 4473 872 4537 adgnomenta
883 4472 914 4538 ll,
934 4481 1097 4537 cognomenta
1110 4491 1141 4544 φ,
1163 4483 1341 4538 agnomentrv
1374 4471 1385 4541 Ι
1420 4474 1453 4526 20
1470 4473 1516 4524 red
1532 4481 1561 4524 et

457 4548 598 4602 &ortelius
623 4549 628 4616 Ι
654 4553 736 4618 qudF
759 4552 770 4622 Ι
