3867 5559
861 733 1040 788 arososn.
1439 737 1500 799 109

310 823 355 864 Ed.
375 822 479 865 Oudoura.
1466 820 1551 861 crath.
1566 820 1582 861 1.
1591 820 1640 861 2311.

381 890 492 952 amicos
507 890 602 953 serios
617 878 799 971 aspernatur,
815 908 883 951 cum
897 887 1121 951 adolescentulis
1141 887 1394 968 postremissumis
1413 889 1491 950 inter

382 1000 481 1055 scorta
500 1001 530 1055 et
547 995 653 1073 pocula
672 1013 746 1074 puer
764 994 822 1055 hoc
841 991 905 1053 aeui
921 989 1093 1054 conuiuium
1108 989 1205 1069 agitat.
1239 990 1302 1070 ipse
1322 990 1403 1052 domi
1422 992 1489 1053 tuae

382 1102 490 1170 rector,
505 1095 568 1175 ipse
582 1095 709 1158 familiae
724 1094 872 1168 dominus,
887 1093 951 1172 ipse
964 1092 1104 1173 magister
1118 1091 1260 1154 conuiuii:
1283 1091 1398 1154 inludo
1414 1111 1489 1173 quo·

311 1217 371 1270 (sss)
386 1215 443 1278 que
457 1197 625 1278 gladiatorio
641 1198 780 1277 frequens
795 1196 911 1271 uisitur,
926 1195 1047 1258 nomina
1066 1194 1259 1274 gladiatorum
1280 1201 1310 1256 et
1328 1212 1442 1275 pugnas
1461 1201 1490 1256 et

345 1313 362 1363 t
382 1300 506 1362 uulnera
520 1301 605 1380 plane
620 1299 738 1379 quidem
752 1305 786 1359 ut
799 1298 943 1360 honestus
958 1315 1033 1378 puer
1046 1296 1081 1359 ab
1097 1296 1163 1377 ipso
1174 1296 1279 1358 lanista
1292 1295 1428 1358 docetur:
1443 1299 1490 1360 lo-

383 1402 484 1481 quitur
496 1419 649 1481 nunquam
663 1401 720 1463 nisi
731 1399 841 1462 Punice
856 1399 925 1461 etsi
940 1397 1010 1478 quid
1025 1398 1121 1461 adhuc
1134 1416 1151 1459 a
1165 1404 1259 1461 matre
1274 1399 1444 1479 graecissat3
1461 1410 1491 1460 at

383 1503 462 1564 enim
475 1502 578 1564 Latine
592 1502 673 1583 loqui
687 1520 783 1582 neque
797 1503 862 1564 uult
876 1519 971 1581 neque
985 1509 1092 1582 potest.
1123 1501 1238 1575 audisti,
1252 1501 1385 1577 Maxime,
1401 1503 1488 1582 paulo

384 1611 460 1679 ante,
480 1600 484 1688 l
503 1623 558 1685 pro
573 1605 666 1678 nefas,
681 1604 851 1683 priuignum
866 1622 977 1678 meum,
992 1604 1114 1666 fratrem
1127 1603 1274 1677 Pontiani,
1290 1588 1391 1664 diserti
1405 1603 1490 1664 iuue-

384 1707 441 1781 nis,
456 1705 506 1766 uix
521 1705 650 1784 singulas
666 1705 789 1786 syllabas
803 1705 1045 1784 fringultientem,
1060 1723 1129 1766 eum
1144 1704 1179 1767 ab
1196 1724 1230 1767 eo
1247 1723 1412 1784 quaereres,
1434 1705 1490 1766 do-

329 1810 361 1870 ld
382 1814 519 1869 nassetne
534 1807 590 1868 illis
604 1815 707 1882 mater,
725 1826 799 1888 quae
813 1826 866 1887 ego
882 1807 1014 1869 dicebam
1027 1826 1076 1868 me
1091 1807 1238 1869 adnitente
1253 1805 1367 1867 donata.

460 1907 574 1969 Testor
593 1909 682 1987 igitur
699 1916 738 1984 te,
765 1909 865 1971 Claudi
878 1909 1002 1972 Maxime
1020 1927 1134 1988 uosque
1155 1909 1205 1988 qui
1223 1908 1255 1968 in
1273 1907 1395 1969 consilio
1416 1907 1485 1969 estis
1494 1911 1689 1966 Lxxxxvssu

382 2028 496 2090 uosque
511 2010 598 2070 etiam
613 2009 663 2088 qui
673 2010 801 2072 tribunal
812 2029 930 2072 mecum
941 2010 1091 2083 adsistitis,
1106 2010 1178 2072 haec
1190 2010 1296 2070 damna
1307 2016 1336 2069 et
1348 2009 1490 2072 dedecora

384 2130 503 2174 morum
518 2111 581 2172 eius
596 2117 701 2190 patruo
716 2112 785 2174 huic
799 2119 828 2174 et
847 2113 1001 2174 candidato
1021 2112 1070 2175 illo
1091 2129 1195 2172 socero
1215 2110 1402 2189 adsignanda,
1423 2129 1487 2171 me-

383 2232 440 2292 que
459 2214 583 2293 posthac
602 2212 673 2273 boni
693 2216 909 2289 consulturum,
936 2215 1016 2294 quod
1035 2214 1101 2275 talis
1125 2212 1278 2293 priuignus
1301 2230 1387 2273 curae
1406 2230 1489 2273 meae

331 2326 364 2378 15
382 2315 484 2393 iugum
499 2315 613 2377 ceruice
627 2315 796 2390 excusserit,
811 2334 906 2396 neque
921 2323 1024 2396 postea
1037 2335 1092 2396 pro
1108 2333 1143 2376 eo
1158 2315 1245 2376 matri
1264 2314 1327 2376 eius
1342 2314 1494 2394 supplica

382 2426 493 2479 turum.
523 2435 602 2491 nam,
619 2418 699 2496 quod
713 2417 889 2497 paenissime
905 2417 1013 2480 oblitus
1033 2436 1111 2491 sum,
1131 2416 1300 2496 nuperrime
1316 2434 1384 2477 cum
1398 2422 1489 2477 testa-

383 2526 518 2579 mentum
532 2518 697 2581 Pudentilla
710 2526 779 2600 post
793 2527 921 2582 mortem
940 2519 1077 2580 Pontiani
1096 2518 1147 2580 lilii
1166 2519 1212 2581 sui
1231 2519 1262 2580 in
1279 2519 1358 2581 mala
1375 2519 1490 2580 ualetu-

384 2619 450 2681 dine
471 2619 615 2693 scriberet,
642 2621 693 2683 diu
716 2639 784 2682 sum
808 2622 951 2684 aduersus
971 2621 1050 2683 illam
1071 2622 1195 2695 renisus
1227 2636 1265 2682 ne
1283 2621 1363 2682 hunc
1388 2619 1426 2681 ob
1446 2627 1491 2680 tot

383 2721 505 2801 insignis
525 2722 727 2797 contumelias,
753 2722 791 2784 ob
811 2730 857 2784 tot
874 2723 996 2785 iniurias
1017 2719 1029 2806 ll
1050 2722 1246 2785 exheredaret.
1276 2721 1402 2801 elogium
1424 2739 1491 2799 gra·
1505 2741 1590 2782 arasa.

311 2811 371 2929 (sil)
385 2823 542 2885 uissimum
556 2825 614 2885 iam
628 2830 726 2886 totum
740 2824 855 2886 medius
869 2825 955 2887 fidius
966 2825 1163 2905 perscriptum
1177 2830 1210 2887 ut
1220 2823 1359 2897 aboleret,
1374 2823 1490 2902 impen-

386 2944 426 2987 sis
441 2926 577 3005 precibus
593 2926 685 2988 oraui.
707 2934 871 3007 postremo,
886 2927 918 2988 ni
931 2927 1130 3007 impetrarem,
1147 2925 1335 2988 diuersurum
1349 2927 1397 2987 me
1409 2924 1444 2987 ab
1457 2943 1491 2987 ea

385 3028 581 3089 comminatus
596 3047 680 3090 sum:
695 3029 769 3090 mihi
782 3031 859 3091 hanc
869 3029 986 3091 ueniam
1001 3029 1152 3102 tribueret,
1167 3029 1278 3090 malum
1292 3026 1386 3089 filium
1399 3027 1491 3089 bene·

386 3128 450 3190 ficio
465 3131 605 3205 uinceret,
621 3149 669 3192 me
683 3129 794 3191 inuidia
808 3132 891 3192 omni
904 3131 1048 3193 liberaret.
1075 3147 1129 3192 nec
1143 3131 1226 3211 prius
1241 3129 1338 3191 destiti
1354 3147 1442 3209 quam
1452 3130 1493 3190 ita

385 3229 462 3291 fecit.
492 3230 578 3291 doleo
593 3250 642 3293 me
655 3231 752 3294 hunce
767 3232 940 3324 scrupulum
953 3231 1114 3294 Aemiliano
1131 3231 1304 3313 dempsisse,
1320 3236 1381 3292 tam
1395 3231 1492 3311 inopiss

332 3340 366 3391 25
387 3337 486 3391 natam
500 3333 636 3395 semitam
649 3332 802 3396 indicasse.
832 3341 932 3415 specta
946 3353 1065 3415 quaeso,
1080 3335 1214 3410 Maxime,
1234 3340 1268 3396 ut
1286 3332 1367 3394 hisce
1386 3332 1491 3395 auditis

456 3499 468 3550 1
482 3499 614 3566 postremis
624 3501 698 3552 sumis
711 3501 762 3570 ro,
776 3503 1027 3569 postremissumisV
1050 3500 1061 3572 l
1084 3504 1100 3553 2
1113 3503 1139 3553 in
1151 3502 1266 3554 conuiuio
1273 3517 1305 3559 ,ςι
1323 3501 1370 3553 del.
1389 3499 1428 3554 W
1428 3515 1493 3552 aava

385 3595 440 3646 rus,
453 3580 600 3632 inconcinne
612 3583 755 3635 Vulcanius
779 3581 789 3651 ΙΙ
813 3583 909 3651 dipsas
921 3582 1032 3635 familiae
1044 3601 1061 3634 v
1091 3583 1096 3652 Ι
1129 3584 1238 3636 conuiuii
1253 3585 1358 3652 scripsi:
1375 3581 1492 3633 conuiuio

387 3712 465 3782 FpV,
478 3715 503 3764 in
515 3715 631 3767 conuiuio
646 3733 659 3773 ς
675 3713 686 3784 l
702 3718 719 3767 4
731 3716 823 3768 uisitur
836 3734 857 3781 ς,
870 3718 962 3769 uisitor
972 3717 1034 3786 Fcpv
1050 3715 1061 3786 ll
1078 3693 1220 3770 thonitrus
1229 3692 1292 3784 pullr
1301 3718 1331 3783 F,
1343 3732 1406 3784 puer
1414 3717 1493 3767 bone-

388 3802 443 3846 stus
457 3795 503 3864 pv
517 3798 552 3860 (et
564 3796 754 3862 Caesulenus),
771 3813 833 3864 puer
844 3798 950 3848 honeste
963 3815 987 3854 ς;
1005 3814 1068 3864 puer
1080 3799 1187 3850 moleste
1201 3798 1302 3851 Celsius
1326 3796 1336 3866 l
1360 3797 1436 3848 betsl
1448 3812 1465 3847 v
1490 3794 1494 3863 Ι

387 3883 414 3926 at
425 3875 524 3927 addidit
534 3876 639 3928 ludatur
651 3876 661 3945 l
674 3879 689 3927 1
701 3878 779 3928 latine
792 3877 856 3927 enim
869 3895 903 3948 tp:
916 3878 995 3929 latina
1007 3880 1150 3932 Vulcanius
1170 3884 1174 3946 Ι
1194 3879 1264 3946 loqui
1276 3895 1324 3931 orn.
1337 3894 1351 3936 ς
1370 3876 1380 3946 l
1402 3877 1417 3927 8
1429 3877 1493 3943 prob

388 3956 451 4027 va
466 3957 470 4024 Ι
486 3958 614 4027 nephasrp
629 3956 639 4026 l
657 3959 672 4008 9
685 3957 790 4008 sillabas
802 3958 847 4027 Frp
862 3955 867 4026 Ι
883 3959 1051 4012 donaretneF
1063 3958 1073 4028 l
1088 3961 1119 4012 10
1131 3959 1258 4011 adnitente
1268 3959 1346 4030 rav,
1359 3959 1493 4009 adiuuante

388 4106 401 4146 s
424 4089 434 4158 l
460 4091 491 4141 12
502 4091 577 4143 etiam
586 4107 635 4160 φν,
648 4051 781 4157 el(ras.)l¹
808 4088 813 4158 Ι
840 4091 996 4161 assistitisp
1018 4090 1028 4160 ll
1049 4093 1081 4143 13
1094 4093 1139 4144 illo
1152 4093 1205 4161 Ρφ,
1219 4092 1286 4145 illiv
1313 4092 1317 4161 Ι
1344 4094 1493 4157 assignanda

386 4188 409 4239 φ
426 4169 436 4239 l
455 4171 487 4222 14
499 4172 534 4222 nil
546 4172 606 4223 boni
618 4189 632 4229 ς
647 4169 657 4240 1
671 4173 703 4223 16
718 4173 870 4240 paenissime
882 4189 898 4223 v
911 4171 921 4241 l
935 4173 966 4224 18
980 4172 1105 4224 scriberet
1116 4177 1220 4244 scripsi:
1234 4174 1373 4225 scribseret
1385 4173 1415 4238 F,
1429 4175 1493 4223 scri·

387 4253 538 4320 pseretopV‚
552 4253 684 4317 scripserit
697 4271 719 4310 ςι
733 4255 835 4319 scripsit
844 4251 987 4305 Salmasius
1003 4252 1014 4322 ΙΙ
1033 4254 1064 4304 19
1076 4255 1260 4308 exhaeredaret
1272 4271 1289 4307 v
1305 4254 1315 4323 ss
1333 4255 1365 4306 20
1377 4254 1426 4305 iam
1440 4261 1493 4304 tum

387 4329 505 4398 Scaliger
520 4330 531 4401 l
548 4331 576 4384 21
591 4333 675 4384 orauit
687 4335 741 4404 ro,
758 4334 830 4387 oraui
841 4351 859 4386 v
873 4333 878 4401 Ι
892 4335 1046 4386 diairsurum
1057 4352 1092 4404 φε
1109 4337 1270 4387 diuorsnrum
1282 4336 1427 4388 Vulcanius
1438 4332 1449 4403 ll
1461 4335 1494 4386 23

1034 4417 1094 4456 omnl
1109 4417 1174 4470 (maa.
1188 4416 1239 4469 aee.)

386 4465 500 4517 uinceret
516 4469 545 4519 ia
560 4467 581 4519 F
597 4483 648 4520 scr.
661 4471 687 4519 tn
699 4484 807 4532 rasura,
823 4468 932 4521 uinciret
948 4486 962 4528 ς
990 4467 995 4535 Ι
1235 4488 1258 4537 φ
1282 4468 1292 4538 l
1316 4468 1493 4531 athaneus,

386 4547 481 4598 huncce
494 4567 526 4618 φ,
537 4549 603 4600 bunc
616 4564 643 4600 sa
656 4549 688 4615 V,
699 4550 764 4601 bunc
777 4550 814 4601 sic
828 4567 841 4607 ς
856 4547 867 4618 ΙΙ
882 4552 915 4602 25
927 4551 1042 4604 semitam
1056 4567 1078 4618 ς,
1091 4557 1159 4624 [καθα
1175 4551 1205 4616 F,
1223 4551 1299 4603 lamet
1315 4550 1373 4620 ‹th
1393 4558 1494 4601 senten-
