3867 5559
864 693 1035 748 mmmm
1242 696 1252 704 “
1454 699 1492 760 ῃ

311 787 354 828 ld
369 786 472 829 Oudend.
1468 781 1484 820 f.
1494 781 1553 822 1170.
1567 780 1639 826 fito.

383 852 520 916 libentius
534 853 660 917 nunnus
675 851 805 932 perfecit,
821 848 903 930 quod
917 853 1092 911 erat-certus
1106 848 1144 910 ad
1158 867 1281 910 uxorem
1291 867 1392 928 suam,
1408 849 1490 912 cuius

383 961 485 1033 stupra
499 953 595 1014 sciens
611 951 861 1024 dissimulatum
876 947 1030 1010 minimam
1042 955 1157 1030 partem
1177 950 1300 1029 praemii
1320 951 1382 1012 eius
1403 949 1490 1012 Cras-

383 1073 450 1117 sum
465 1054 636 1127 relaturum.
667 1052 727 1114 uidi
742 1058 771 1112 te
790 1067 917 1130 quoque,
936 1049 1070 1124 Maxime,
1090 1051 1248 1113 coitionem
1269 1051 1428 1112 aduersum
1443 1068 1491 1119 me

385 1162 414 1216 et
424 1156 659 1217 coniurationem
674 1171 779 1215 eorum
792 1171 847 1233 pro
858 1159 909 1212 tua
920 1151 1061 1232 sapientia
1071 1144 1262 1231 suspicatum,
1277 1153 1365 1214 simul
1376 1151 1491 1236 libellus

347 1256 431 1320 cille
449 1257 582 1338 prolatus
601 1262 656 1327 est,
680 1260 775 1314 totam
792 1270 857 1314 rem
882 1252 966 1312 uultu
992 1259 1208 1332 aspernantem.
1240 1254 1365 1335 denique
1386 1271 1491 1332 quam-

312 1383 369 1435 (sso)
385 1375 473 1436 quam
485 1355 679 1418 suntiosolita
693 1354 812 1416 audacia
827 1360 856 1415 et
865 1353 1036 1434 importuna
1049 1353 1232 1434 impudentia
1245 1356 1377 1435 praediti,
1391 1361 1492 1415 tamen

384 1458 586 1519 testimonium
601 1456 708 1529 Crassi,
723 1456 806 1517 ouius
823 1455 971 1517 oboluisse
985 1456 1096 1517 faecem
1110 1456 1258 1532 uidebant,
1281 1474 1336 1517 nec
1356 1456 1411 1537 ipsi
1426 1454 1489 1517 ausi

382 1565 452 1620 sunt
466 1559 616 1638 perlegere
630 1575 685 1618 neo
700 1557 855 1638 quicquam
875 1574 910 1617 eo
931 1557 994 1618 niti.
1028 1575 1135 1619 uerum
1154 1552 1167 1642 Ι
1187 1576 1240 1638 ego
1259 1558 1315 1619 ista
1333 1565 1490 1638 propterea
1503 1580 1589 1620 crus.

382 1658 624 1731 commemoraui,
643 1674 706 1718 nou
725 1657 804 1737 quod
823 1657 983 1736 pinnarum
996 1658 1170 1720 formidines
1191 1665 1220 1722 et
1237 1659 1366 1739 fuliginis
1386 1675 1488 1720 macu-

331 1781 363 1832 10
382 1761 441 1823 lam
451 1767 480 1821 te
491 1759 664 1840 praesertim
673 1757 768 1820 iudice
779 1757 923 1831 timerem,
938 1759 990 1819 sed
1002 1766 1035 1821 ut
1045 1777 1083 1820 ne
1094 1760 1273 1838 impunitum
1283 1760 1361 1823 foret
1372 1758 1488 1831 Crasso,

270 1900 273 1904 -
348 1853 355 1861 ’
384 1861 464 1940 quod
477 1861 649 1932 Aemiliano,
663 1857 778 1919 homini
791 1856 912 1930 rustico,
927 1857 1045 1921 fumum
1060 1860 1200 1922 uendidit.

282 2021 285 2029 ,
466 1959 539 2022 Inde
564 1961 652 2021 etiam
671 1945 786 2021 crimen
803 1958 839 2018 ab
858 1958 924 2031 illis,
944 1978 1014 2021 cum
1032 1961 1213 2024 Pudentillae
1231 1962 1330 2024 literas
1350 1963 1488 2042 legerent,
1506 1978 1565 2030 Lxl

311 2088 369 2142 (aaa)
383 2064 420 2125 de
439 2063 592 2124 cuiusdam
612 2061 697 2140 sigilli
716 2058 905 2121 fabricatione
927 2056 1085 2141 preliatum
1103 2070 1158 2137 est,
1185 2065 1265 2144 quod
1283 2083 1332 2126 me
1350 2064 1432 2125 aiunt
1452 2064 1489 2125 ad

382 2164 494 2245 magica
512 2163 652 2225 maleficia
673 2162 787 2223 occulta
806 2161 916 2223 fabrica
937 2162 1017 2242 ligno
1042 2165 1269 2244 exquisitissimo
1290 2182 1487 2246 comparasse,

329 2269 363 2320 15
383 2273 413 2326 et
427 2283 496 2327 cum
511 2265 549 2325 sit
563 2263 659 2325 sceleti
673 2263 771 2324 forma
789 2269 875 2344 tmpe
891 2270 920 2323 et
933 2265 1083 2341 horribile,
1103 2274 1203 2329 tamen
1221 2269 1370 2348 impendio
1392 2268 1489 2330 colere

311 2334 368 2386 (ω)
383 2373 413 2427 et
427 2365 537 2427 Graeco
552 2363 696 2426 uocabulo
710 2358 853 2443 βασιλέα
867 2381 1046 2445 nuncupare.
1076 2368 1133 2429 uisi
1146 2370 1241 2443 fallor,
1262 2370 1364 2432 ordine
1384 2386 1489 2431 eorum

381 2466 503 2546 uestigia
517 2483 686 2547 persequar,
707 2471 736 2526 et
755 2465 923 2546 singillatim
941 2467 1164 2548 apprehendens
1186 2488 1306 2533 omnem
1326 2469 1487 2535 calumniae

380 2575 493 2631 textum
507 2576 617 2629 retexo.

466 2668 586 2731 Occulta
599 2668 691 2730 fuisse
704 2668 855 2731 fabricatio
876 2669 970 2750 sigilli,
992 2672 1072 2751 qued
1087 2671 1191 2747 dicitis,
1213 2673 1262 2755 qui
1277 2680 1384 2754 potest,
1404 2672 1487 2736 cuius

311 2760 369 2877 (ἐξ)
382 2791 438 2836 uos
453 2771 525 2833 adeo
540 2769 682 2831 artificem
695 2786 759 2831 non
771 2768 937 2848 ignorastis,
952 2779 987 2833 ut
1000 2773 1036 2846 ei,
1051 2781 1168 2852 praesto
1183 2781 1218 2836 ut
1232 2774 1356 2850 adesset,
1372 2775 1487 2837 denun-

351 2947 353 2949 ,
379 2869 544 2940 tiaueritis?
567 2886 604 2932 en
619 2871 702 2933 adest
716 2870 869 2934 Cornelius
885 2871 1061 2937 Saturninus
1075 2875 1188 2949 artifex,
1209 2875 1257 2937 uir
1275 2876 1352 2938 inter
1366 2895 1437 2939 suos
1457 2883 1487 2939 et

380 2984 441 3042 arte
455 2974 589 3037 laudatus
604 2979 633 3033 et
647 2972 781 3034 moribus
796 2973 1016 3053 comprobatus,
1032 2976 1082 3055 qui
1095 2977 1157 3051 tibi,
1172 2977 1305 3052 Maxime,
1320 2980 1408 3059 paulo
1420 2985 1487 3040 aute

381 3078 532 3157 dilgenter
553 3072 711 3135 sciscitanti
731 3090 851 3134 omnem
872 3074 1007 3135 ordinem
1026 3083 1124 3155 gestae
1141 3079 1184 3139 rei
1204 3098 1322 3142 summa
1341 3099 1409 3142 cum
1429 3079 1487 3142 fide

381 3186 411 3241 et
429 3177 550 3241 ueritate
574 3173 756 3255 percensuit:
787 3192 846 3247 me,
871 3192 940 3235 cum
966 3176 1044 3255 apud
1070 3195 1139 3238 eum
1162 3181 1270 3240 multas
1296 3180 1486 3260 geometricas

328 3293 362 3346 25
380 3283 492 3345 formas
507 3296 524 3340 e
539 3277 615 3339 toxo
629 3275 770 3338 uidissem
785 3274 929 3338 subtiliter
946 3284 976 3338 et
990 3277 1109 3341 adfabre
1126 3279 1227 3354 factas,
1246 3281 1404 3344 inuitatum
1424 3280 1486 3343 eius

322 3406 331 3417 ·
381 3382 502 3446 artifieio
522 3375 665 3459 quaedam
685 3375 854 3438 mechanica
872 3384 906 3438 ut
924 3377 997 3440 mihi
1018 3378 1197 3443 elaborasset
1215 3382 1334 3462 petisse,
1355 3383 1443 3445 simul
1457 3388 1487 3444 et

380 3482 497 3563 aliquod
511 3481 702 3543 simulacrum
716 3478 916 3557 cuiuscunque
930 3480 1019 3540 uellet
1032 3480 1089 3555 dei,
1109 3482 1156 3543 cui
1176 3501 1212 3544 ex
1231 3501 1315 3546 more
1330 3502 1397 3546 meo
1413 3503 1485 3564 sup-

449 3738 465 3790 3
488 3735 638 3787 cohitiouem
659 3751 682 3802 φ
713 3731 724 3800 Ι
757 3733 772 3783 5
793 3746 959 3799 quanquamv
991 3729 1001 3799 Ι
1030 3733 1159 3788 binsolitn
1175 3737 1292 3790 latratus:
1313 3737 1390 3790 solita
1407 3737 1485 3806 rpv,

381 3821 468 3873 solnta
494 3835 507 3875 ς
547 3815 558 3884 Ι
601 3817 616 3865 'l
646 3812 816 3865 testimonium
841 3811 954 3863 Colotes:
969 3814 1129 3892 *testimonio
1157 3817 1231 3886 va:
1259 3818 1404 3869 testimonio
1432 3817 1484 3881 Cr,

381 3901 439 3968 qnia
458 3899 512 3950 eius
533 3895 602 3948 obol.
623 3892 640 3946 f.
662 3893 713 3946 uid.
734 3893 849 3946 Boucdc
873 3891 888 3962 Ι
916 3895 1181 3958 emodenorum?
1205 3900 1233 3949 tn
1252 3915 1347 3951 rasura
1366 3916 1384 3951 a
1407 3914 1485 3949 mareu

379 4029 520 4103 praee]
545 4032 576 4082 10
595 4028 692 4080 taciti*
708 4042 854 4096 suprascr.
871 4044 889 4079 ι
903 4044 984 4080 mmo
997 4045 1039 4095 pr.
1066 4026 1072 4096 Ι
1102 4003 1170 4082 farei
1185 4005 1299 4085 crcb'som
1315 4034 1344 4100 ll,
1371 4049 1485 4085 cracem

381 4113 449 4165 foret
473 4129 504 4181 φ,
533 4110 627 4161 Crasso
650 4107 719 4159 foret
741 4123 759 4158 v
797 4106 808 4176 Ι
845 4107 876 4159 12
900 4108 957 4159 inde
981 4109 1124 4161 Aetdota'm:
1148 4112 1213 4162 uude
1233 4113 1307 4184 fluv:
1328 4131 1403 4166 uuum
1425 4114 1485 4166 Sal-
1562 4167 1568 4178 ,

380 4197 480 4245 modus
519 4189 530 4259 Ι
574 4192 606 4244 15
635 4188 726 4240 sceleti
751 4188 928 4240 casaubonum
953 4190 1029 4241 coleti
1052 4189 1126 4258 rev:
1154 4191 1239 4244 hebeti
1264 4194 1373 4259 Catulus,
1396 4195 1484 4246 coloro

381 4273 501 4327 etfama
513 4273 657 4327 Vetonina
688 4267 699 4335 Ι
729 4267 962 4346 leACIAGAN
978 4268 1047 4338 1pr
1071 4268 1082 4341 ΙΙ
1108 4272 1138 4322 17
1151 4273 1383 4339 appnehandcnsv
1409 4274 1414 4342 Ι
1440 4290 1483 4326 ca-

382 4355 525 4424 lumpnieep
549 4353 560 4422 Ι
586 4353 620 4403 20
636 4357 740 4417 praesto
757 4357 786 4399 ut
798 4349 900 4401 adesset
916 4349 948 4416 V,
972 4360 1074 4418 praesto
1090 4351 1095 4422 Ι
1110 4353 1212 4405 'aidosset
1231 4355 1252 4405 F
1274 4357 1311 4418 (in
1331 4359 1448 4422 margero
1467 4372 1484 4407 a

380 4453 459 4489 mmo
470 4451 511 4506 pr.
522 4450 573 4487 aar.
586 4432 605 4483 l.
617 4432 665 4497 ut),
681 4438 768 4497 presto
785 4432 938 4498 edessenam
969 4427 974 4497 Ι
1004 4433 1215 4485 denunoiuueritis
1232 4451 1249 4486 v
1276 4435 1286 4505 Ι
1310 4435 1340 4487 21
1359 4436 1483 4489 Saturnus

380 4517 523 4572 Seremus
546 4513 557 4584 Ι
579 4515 612 4566 25
624 4528 639 4565 e
650 4512 719 4564 buxo
734 4511 870 4564 Εναηιωε
888 4528 971 4566 cuoxo
988 4515 1058 4585 FgoV
1079 4516 1091 4586 Ι
1109 4517 1210 4571 26-27
1223 4516 1478 4582 elaborasset-sup·
