3867 5559
853 756 1024 813 aroucam
1452 758 1494 821 49
1514 775 1516 778 ·

1456 843 1472 882 ι.
1482 843 1543 882 arao.
1558 841 1574 881 ι.
1585 842 1634 883 aon.
1647 903 1653 918 ·

483 920 528 975 est
538 921 642 995 pecten
652 914 804 994 Mytilenae
824 912 1073 992 '‘caradrumqueb
1090 911 1168 992 apud
1188 910 1367 973 {umbracia
1388 911 1480 972 linis.x

484 1015 632 1076 Brundisii
646 1034 749 1095 sargus
762 1016 860 1077 bonus
875 1021 933 1076 est:
949 1015 1038 1088 hunc,
1054 1031 1179 1092 magnus
1195 1013 1301 1086 aierit,
1316 1030 1415 1074 sume:

483 1119 647 1198 apriculum
661 1118 771 1198 piscem
786 1118 860 1179 scito
874 1117 1006 1198 primum
1021 1135 1086 1178 esse
1100 1116 1228 1178 Tarenti.

486 1221 621 1282 Surrenti
634 1222 684 1299 suc
698 1237 777 1280 nnus
791 1218 900 1298 elopem
914 1220 1103 1299 glaucumque
1118 1219 1196 1298 apud
1211 1218 1327 1279 Cumas.

486 1322 556 1401 quid
571 1317 687 1384 scarus?
706 1319 842 1399 praeterii
856 1321 1011 1383 cerebrum
1025 1319 1105 1383 louis
1119 1337 1211 1400 paene
1226 1317 1370 1397 supremi:

483 1423 615 1484 Nestoris
630 1422 665 1482 ad
681 1423 805 1502 patriam
819 1422 868 1483 hic
882 1423 996 1503 eapitur
1010 1440 1191 1502 magnusque
1205 1420 1370 1498 bonusque.

482 1519 549 1604 quid
562 1525 715 1599 mendum,
730 1525 857 1598 turdum,
873 1523 1060 1586 molossorum
1074 1524 1268 1602 umbramque
1282 1516 1449 1584 marinam?

435 1739 645 1818 plebibusque
670 1733 800 1814 μιγοῖλους,
823 1736 927 1814 ὄστρεια
944 1739 968 1796 δ’
987 1737 1102 1810 ΙἌβυδος,
1123 1743 1128 1812 Ι
1153 1731 1198 1803 τοὶς
1215 1734 1313 1814 ἄρκτους
1330 1731 1433 1810 Πάριον,

435 1818 490 1889 τους
507 1828 533 1881 λλ
550 1829 630 1889 selenc
646 1822 662 1894 ἧ
681 1821 823 1894 Μυτιλήνη·
845 1828 852 1895 Ι
878 1826 1014 1891 πλιίστους
1037 1822 1061 1880 δ’
1086 1823 1229 1898 ’Δμβρακία
1251 1826 1365 1900 ταρίχει,
1393 1825 1433 1878 καὶ

323 1937 326 1940 ⁴
435 1904 537 1965 ιῖπλατιι
556 1907 612 1982 μετ’
633 1907 763 1969 ariade...

400 1999 492 2052 4ibid.
515 1999 566 2048 VII
593 2015 619 2064 p.
644 2000 726 2048 eoba:
754 1986 796 2050 τοι
821 1990 844 2047 δ’
872 1991 944 2049 ἔλοπ’
971 1995 1036 2048 bebo
1069 1985 1185 2068 peilam
1208 1987 1375 2067 Συρακοῦσοιις
1401 1992 1433 2044 tvl

435 2081 550 2144 κλειναῖς,
566 2082 572 2142 Ι
586 2070 628 2132 τὸν
645 2100 672 2149 γε
690 2072 887 2152 κρατιστεύοντα.

272 2259 277 2266 ’
381 2283 472 2334 aspera
483 2267 558 2337 Tqav:
570 2268 643 2333 Aeni,
660 2276 701 2320 est
713 2285 789 2336 aspra
807 2269 950 2335 Turnebus,
967 2270 1039 2338 Aeni,
1056 2287 1086 2323 ac
1101 2271 1174 2338 plera
1191 2278 1287 2332 ostrea,
1302 2266 1385 2333 pluria
1401 2267 1486 2335 Abydi

380 2349 493 2418 Lipsius,
504 2348 594 2413 Aenid,
607 2364 683 2415 aspra
693 2348 845 2417 Salmasiau,
857 2352 930 2417 Aeni,
943 2353 1027 2422 spissa
1038 2352 1173 2406 Vallenua
1203 2350 1208 2418 Ι
1239 2343 1385 2421 abidirp'qll,
1405 2349 1485 2400 abidi-

375 2430 447 2482 mols
460 2448 491 2499 φ,
504 2429 571 2500 abidi
583 2445 638 2481 mus
650 2446 668 2482 v
691 2429 701 2498 Ι

449 2510 461 2562 1
482 2518 523 2562 est
534 2517 624 2575 pecten
636 2508 775 2576 Mitylenae
787 2511 816 2564 V
814 2511 932 2565 αΙιίινιυιε
950 2515 1064 2567 blitileue
1081 2522 1122 2566 est
1138 2511 1228 2581 pecten
1245 2513 1298 2581 Tq,
1319 2513 1430 2564 mitilene
1446 2520 1486 2563 est

381 2650 478 2710 pectem
489 2659 518 2695 v:
532 2644 638 2711 mitylus
651 2653 692 2697 est
702 2654 793 2712 pecten
804 2646 920 2714 Scabiqer
938 2646 942 2714 Ι
962 2650 1144 2716 caradrumque
1156 2647 1221 2714 apud
1234 2647 1360 2699 umbracia
1373 2604 1487 2710 <iners-

381 2725 419 2776 cie
431 2728 468 2794 φ)
481 2724 538 2774 linis
551 2724 630 2795 (Fcpll
644 2730 722 2779 verba
732 2728 846 2781 nendum
857 2735 960 2780 amatu:
979 2731 1112 2781 caradrum
1129 2743 1191 2796 quae
1208 2729 1273 2795 apud
1290 2727 1416 2777 umbracia
1429 2726 1486 2778 linia

381 2819 409 2855 v:
426 2819 534 2874 sperque
551 2806 616 2872 apud
629 2805 777 2859 Ambraciae
795 2824 880 2860 amnes
895 2807 1038 2875 Turnebus,
1060 2823 1200 2876 caprasque
1217 2809 1282 2877 apud
1293 2806 1486 2857 Ambracienses

382 2883 556 2952 casaubonus,
578 2888 765 2957 charadrusque
786 2892 851 2958 apud
873 2889 1021 2941 Ambraciae
1039 2905 1123 2941 amnes
1141 2887 1265 2956 Scaliger,
1289 2889 1486 2955 cbaradrumque

381 2966 523 3018 Ambraciai
539 2965 692 3035 Salmasius,
713 2969 868 3037 carabusque
885 2972 951 3037 apud
967 2971 1162 3023 Ambracienses
1180 2970 1287 3037 Coloe'us,
1311 2969 1487 3021 Ambraciotas

381 3047 507 3113 Heinsius,
529 3049 725 3118 cboradrumque
743 3052 808 3116 apud
824 3049 954 3102 Ambraci’
972 3051 1029 3102 linis
1044 3052 1248 3115 Hildebrnndiuq
1269 3060 1295 3103 et
1311 3051 1377 3116 apud
1394 3050 1488 3101 Chara-

382 3128 453 3179 dram
464 3127 671 3198 Ambraciamque
683 3131 712 3184 V
711 3131 824 3195 ablenus,
842 3139 869 3182 et
879 3131 998 3184 Arattum
1016 3132 1065 3196 (uel
1075 3132 1239 3199 Aratumque)
1256 3133 1321 3198 opud
1337 3129 1486 3180 Ambraciae

382 3208 438 3260 bnis
452 3213 741 3279 (corrqsortassebos,
754 3214 791 3280 cs.
801 3213 895 3264 Atben.
905 3211 951 3266 vll
960 3230 986 3282 p.
999 3212 1079 3278 3050)
1096 3213 1227 3280 Berglss‘us
1239 3211 1249 3280 Ι
1267 3213 1282 3262 2
1294 3210 1420 3262 Brundisii
1432 3210 1486 3279 Tm,

382 3289 515 3341 brundusii
527 3306 555 3342 v:
568 3293 709 3345 Brundusio
720 3293 891 3347 Susrdss'oaus
902 3294 995 3345 adndic.
1007 3309 1093 3363 praec.
1102 3294 1185 3346 Benll.
1197 3293 1274 3363 1253,
1286 3292 1402 3343 Brundisi
1418 3290 1440 3342 1.
1450 3291 1484 3344 V.

381 3368 534 3436 Branchus,
547 3372 672 3425 Brundisii
683 3375 723 3426 uel
733 3375 858 3427 brentesii
869 3374 1047 3426 Locbmonnus
1056 3374 1093 3425 ad
1099 3374 1202 3426 Luccei.
1211 3392 1238 3444 p.
1252 3372 1309 3437 328,
1321 3373 1437 3425 Βιοιιῐόιί
1450 3374 1489 3425 uel

299 3488 305 3493 -
381 3451 507 3503 Bruudr'rsi
519 3453 566 3503 Pb.
584 3454 774 3521 Wagnerusa'n
790 3455 819 3509 V
818 3471 873 3522 erg.
892 3459 959 3507 Am.
975 3454 1041 3508 Vllll
1060 3455 1105 3506 151
1128 3454 1132 3522 Ι
1158 3470 1247 3520 sargus
1263 3454 1396 3506 bonusest
1413 3454 1486 3524 Frpv:

383 3541 486 3597 august
498 3534 527 3587 V
525 3534 631 3586 aueum
646 3533 651 3602 Ι
664 3535 730 3586 bunc
741 3550 845 3600 maguus
858 3536 880 3585 si
895 3537 945 3588 erit
957 3551 1027 3587 sume
1040 3535 1103 3605 Εφν
1119 3538 1170 3604 (cs.
1182 3537 1322 3603 burglon
1334 3535 1350 3588 l.
1363 3535 1410 3601 dl:
1421 3535 1487 3587 hunc

382 3629 486 3678 manus
499 3615 549 3666 erit
560 3615 591 3680 si,
605 3614 678 3666 Sume
694 3615 836 3683 Tumebus,
851 3617 917 3668 bunc
928 3632 1032 3681 maguus
1045 3617 1067 3668 si
1079 3618 1129 3668 erit
1145 3616 1191 3668 tibi
1203 3632 1272 3667 sume
1285 3616 1314 3670 V
1312 3615 1417 3667 ablenus
1437 3614 1447 3684 Ι
1471 3617 1487 3667 3

382 3694 522 3761 apriculum
532 3711 558 3761 v,
571 3697 693 3762 apriclum
705 3696 750 3767 an
765 3696 771 3767 Ι
784 3699 878 3750 menti
889 3714 915 3763 v,
927 3697 1050 3763 Targenti
1061 3698 1091 3763 F,
1109 3696 1240 3766 rrgenticp
1261 3693 1271 3763 ΙΙ
1291 3698 1308 3747 4
1320 3696 1437 3747 Surrenti
1447 3693 1487 3746 lac

383 3790 451 3826 emas
460 3776 559 3841 elopem
567 3776 731 3846 glaucumque
741 3780 806 3845 apud
824 3779 849 3842 (ι’.
859 3795 881 3830 a.
892 3782 947 3846 ape)
960 3778 1051 3830 Cumas
1064 3779 1118 3842 (uel
1127 3778 1291 3843 glaucumque
1304 3771 1363 3826 ἀπὸ
1375 3772 1486 3845 Κύμης)

383 3856 522 3921 berglca'us:
541 3858 657 3911 Surrenti
668 3860 778 3926 telopem
790 3858 899 3911 iacemus
910 3860 1027 3924 glaucum
1043 3868 1103 3927 aput
1116 3859 1194 3925 (apud
1206 3862 1242 3927 φ)
1259 3856 1349 3907 Cumas
1362 3857 1421 3923 quid
1432 3856 1486 3925 Tap,

384 3935 501 3988 Surrenti
518 3939 633 4005 aelopem
648 3939 759 3991 lacemas
779 3940 895 4004 glaucum
914 3948 975 4007 aput
989 3956 1075 3992 cumas
1096 3940 1154 4007 quid
1171 3938 1208 3991 V:
1229 3937 1347 3989 Surrenti
1363 3937 1403 3990 lac
1419 3951 1488 3988 eruas

382 4016 499 4080 glaucum
515 4027 541 4070 et
558 4019 648 4071 Cumas
660 4023 734 4088 apud.
759 4028 786 4073 at
802 4022 861 4088 quid
881 4020 1023 4086 Turnebus,
1043 4013 1161 4072 'Surrenti
1178 4019 1282 4085 lopadas
1300 4019 1355 4082 (uel
1365 4020 1488 4084 chemae),

382 4099 499 4162 suumn
516 4099 606 4152 Cumas
623 4103 696 4167 apud.
715 4110 743 4154 at
759 4101 817 4168 quid
836 4099 959 4168 Semper,
983 4100 1116 4151 Surrentid
1133 4099 1230 4165 elopem
1245 4099 1301 4152 lace
1317 4115 1394 4164 emas,
1415 4100 1488 4163 glau-

382 4195 439 4230 cum
456 4181 488 4231 ad
505 4179 603 4232 Cumas.
623 4181 681 4247 quid
697 4180 849 4255 palmus,
868 4180 985 4231 Surrenti
1001 4180 1055 4232 face
1072 4196 1140 4232 emes
1156 4181 1279 4246 helopem,
1295 4182 1411 4245 glaucum
1427 4193 1488 4243 cape

383 4259 468 4312 cumn
478 4261 612 4315 Voblsnus
635 4260 645 4329 Ι
669 4262 754 4329 bquid
767 4258 871 4313 scaru’l
883 4261 1022 4327 bergense:
1036 4275 1135 4312 scarum
1147 4261 1211 4332 Fcpv
1238 4262 1243 4325 Ι
1274 4260 1400 4312 celebrum
1420 4258 1487 4310 louis

384 4340 437 4408 TV,
453 4343 585 4393 cerebrum
597 4340 700 4410 louisqt
730 4341 736 4408 Ι
765 4340 891 4408 suppremi
902 4340 933 4404 T,
950 4341 1077 4407 supraemi
1092 4356 1110 4391 ν
1138 4340 1148 4411 Ι
1177 4344 1191 4394 7
1209 4343 1268 4410 quid
1283 4341 1414 4404 merulam,
1431 4347 1487 4391 tur·

384 4423 451 4488 dum,
463 4423 620 4474 melanururu
631 4422 792 4490 umbramque
803 4423 939 4474 marinam?
957 4422 998 4473 cel
1008 4422 1067 4488 quid
1078 4424 1241 4488 melanurum,
1254 4422 1375 4485 umbram,
1387 4422 1488 4472 turdum

383 4504 553 4570 merulamque
565 4504 703 4556 marinaml
715 4504 854 4569 Bergka'us:
865 4504 1022 4555 melanurum
1034 4505 1136 4557 turdum
1147 4505 1317 4569 merulamque
1329 4501 1488 4568 umbramque

383 4584 483 4648 (umbra
498 4585 572 4651 ioque
590 4584 620 4649 F,
633 4582 787 4650 abrs‘ipqus
799 4587 832 4652 φ)
843 4585 965 4639 marinam
977 4584 1051 4653 Tque
1067 4591 1120 4638 tum
1136 4586 1246 4651 turdum,
1261 4583 1393 4648 merulam,
1409 4582 1489 4635 mala-

438 4665 464 4704 L.
479 4665 547 4714 Apul.
563 4665 663 4708 bladam.
678 4665 745 4714 aper.
