3867 5559
480 725 540 788 112
823 722 852 773 L.
865 719 987 776 arvum
999 719 1235 774 MADAVRENSIS

324 810 412 851 russo
427 809 500 851 reas.
1486 807 1530 848 m
1547 807 1663 848 oeaena.

475 877 557 938 adest
577 877 664 939 etiam
677 882 759 938 tutor
772 882 875 938 auctor
888 876 1033 949 mulieris,
1053 876 1101 938 uir
1116 875 1308 956 grauissimus
1322 881 1352 936 et
1366 875 1584 949 sanctissimus,

476 979 558 1041 omni
577 998 646 1042 cum
665 979 780 1042 honore
798 979 871 1040 mihi
881 978 1102 1053 nominandus,
1129 977 1246 1040 Cassius
1266 978 1426 1058 Longinus.
1455 997 1582 1059 quaere,
1600 1002 1662 1056 (eoo)

475 1082 607 1156 Maxime,
627 1082 710 1144 cuius
731 1081 889 1162 emptionis
908 1088 1011 1142 auctor
1028 1081 1129 1155 luerit,
1150 1080 1290 1160 quantulo
1304 1081 1398 1161 pretio
1414 1081 1521 1144 mulier
1534 1081 1585 1142 lo-

476 1184 575 1274 cuples
597 1182 722 1264 agellum
741 1201 830 1246 suum
843 1182 1038 1264 praestinarit.

561 1287 778 1364 [testimonium
792 1286 873 1349 Cassi
886 1286 1012 1367 Longini
1026 1285 1133 1349 tutoris
1148 1293 1177 1347 et
1188 1285 1307 1349 Coruini
1318 1285 1476 1348 Clementis
1491 1303 1585 1366 quae-
1607 1297 1623 1346 a

476 1387 578 1467 storis]

563 1491 654 1552 Estne
687 1491 726 1553 ita
753 1497 787 1553 ut
808 1487 888 1552 dixi?
915 1489 1032 1569 uspiam
1052 1490 1083 1550 in
1103 1490 1158 1551 hac
1177 1489 1327 1570 emptione
1349 1506 1460 1552 nomen
1481 1506 1584 1550 meum
1685 1500 1692 1504 ’

479 1591 641 1671 ascriptum
655 1588 723 1653 esti
745 1608 819 1653 num
833 1591 931 1673 ipsum
946 1590 1087 1653 heredioli
1101 1591 1229 1671 pretium
1245 1591 1425 1653 inuidiosum
1439 1596 1493 1663 est,
1507 1606 1582 1650 num

478 1695 526 1756 uel
540 1696 598 1757 hoc
612 1694 716 1756 saltem
730 1693 761 1754 in
775 1712 824 1754 me
838 1691 999 1755 collatum?

423 1801 463 1852 cn
566 1795 642 1869 Quid
661 1796 749 1857 etiam
768 1802 822 1870 est,
841 1794 1010 1869 Aemiliane,
1032 1796 1112 1874 quod
1131 1811 1193 1856 non
1207 1801 1236 1856 te
1254 1795 1348 1856 iudice
1367 1790 1583 1856 reiutauerim?
1607 1805 1640 1856 1o

478 1897 557 1976 quod
572 1878 699 1977 pretium
714 1897 825 1976 magiae
840 1916 922 1958 meae
936 1887 1100 1977 repperisti,
1121 1915 1174 1958 cur
1188 1915 1241 1975 ego
1256 1895 1436 1957 Pudentillae
1451 1895 1585 1957 animum

476 1997 624 2060 ueneficiis
639 1995 808 2061 flecterem?
830 1997 910 2078 quod
925 2005 958 2059 ut
973 2017 1009 2059 ex
1023 2017 1057 2059 ea
1071 1998 1263 2060 commodum
1278 1993 1435 2079 caperem?
1463 1997 1507 2059 uti
1528 1996 1585 2059 do·
1640 2048 1642 2052 .
1700 2051 1702 2055 ,

476 2105 537 2160 tem
552 2098 625 2159 mihi
639 2099 786 2160 modicam
802 2100 902 2178 potius
918 2118 1006 2179 quam
1022 2100 1149 2180 amplam
1165 2095 1296 2161 diceret?
1325 2119 1342 2159 o
1358 2098 1505 2179 praeclara
1519 2115 1586 2159 oar·
1624 2098 1626 2102 ’

476 2197 570 2261 minal
600 2218 638 2260 an
652 2206 687 2261 ut
701 2219 765 2262 eam
781 2200 881 2262 dotem
895 2200 961 2262 filiis
977 2202 1038 2264 suis
1053 2201 1145 2281 magis
1157 2201 1379 2282 restipularetur
1390 2219 1478 2280 quam
1493 2217 1585 2280 penes

476 2321 525 2363 me
540 2299 671 2364 sineret?
701 2303 770 2382 quid
786 2303 853 2366 addi
868 2304 903 2364 ad
918 2303 995 2364 hanc
1009 2303 1134 2383 magiam
1149 2300 1270 2384 potest?
1300 2321 1338 2366 an
1357 2304 1400 2365 uti
1419 2322 1482 2365 rem
1497 2301 1586 2364 iami—
1608 2315 1639 2365 15

450 2450 452 2453 -
476 2403 578 2465 liarem
594 2423 679 2465 suam
694 2423 762 2465 meo
778 2405 936 2468 adhortatu
949 2405 1200 2487 pleramquc'iiliis
1216 2395 1407 2480 condonaret,
1428 2423 1501 2485 quae
1513 2403 1587 2465 nihil

475 2505 538 2566 illis·
553 2510 620 2566 ante
640 2523 688 2566 me
709 2506 849 2567 maritum
868 2507 964 2568 fuerat
984 2507 1094 2585 largita,
1121 2507 1193 2567 mihi
1219 2504 1375 2587 quicquam
1399 2500 1587 2586 impartiret?

476 2625 494 2668 o
514 2624 602 2685 graue
621 2605 798 2667 ueneficium
818 2606 912 2668 dicam
933 2614 971 2668 an
990 2607 1138 2688 ingratum
1155 2593 1356 2670 heneficium?
1383 2626 1421 2668 an
1440 2613 1474 2668 ut
1491 2612 1585 2682 testa-

475 2714 587 2782 mento,
614 2707 694 2787 quod
712 2707 785 2769 irata
805 2708 864 2772 lilio
885 2710 1038 2785 scrihebat,
1064 2711 1157 2772 filium
1181 2711 1281 2790 potius
1301 2709 1347 2775 cui
1375 2711 1484 2771 oliensa
1510 2714 1657 2782 erat,(oo1)

476 2829 564 2890 quam
584 2828 633 2870 me
654 2809 701 2870 cui
721 2809 856 2873 deuinota
874 2811 1013 2874 heredem
1035 2810 1233 2892 relinqueret?
1260 2812 1318 2874 hoc
1345 2812 1463 2891 quidem
1482 2809 1585 2871 multis
1606 2817 1640 2868 20
1667 2877 1670 2882 ,

385 2929 460 2970 reae.
476 2911 654 2974 carminibus
683 2912 799 2973 difficile
823 2913 988 2993 impetraui.
1024 2920 1133 2995 putate,
1165 2911 1170 2997 Ι
1199 2933 1255 2975 uos
1275 2932 1394 2975 eausam
1418 2930 1480 2974 non
1505 2910 1585 2992 apud

315 2995 316 3005 Ι
476 3013 630 3076 Claudium
644 3013 803 3075 Maximum
819 3032 912 3094 agere,
932 3016 1031 3077 uirum
1051 3035 1178 3096 aequum
1201 3022 1229 3076 et
1249 3015 1373 3106 iustitiae
1394 3014 1584 3096 pertinacem,

438 3117 444 3128 '
476 3116 527 3178 sed
542 3115 631 3178 alium
647 3115 773 3195 aliquem
787 3134 914 3198 prauum
928 3125 957 3180 et
975 3137 1098 3182 saeuum
1118 3117 1245 3179 iudicem
1264 3114 1442 3191 substituite,
1464 3132 1585 3177 accusa-

546 3350 558 3401 1
578 3357 606 3402 tu
618 3356 689 3401 tutor
698 3367 724 3420 φ
741 3350 790 3418 (qs.
805 3349 856 3407 Cio.
865 3365 915 3420 pro
928 3351 1001 3404 Cast.
1015 3351 1117 3418 asflat:
1130 3357 1202 3402 tutor
1213 3351 1261 3403 dal.
1274 3349 1425 3415 Sahrmsius,
1438 3356 1529 3402 auctor
1540 3355 1584 3400 tu-

477 3430 740 3497 torlungermaanus
768 3428 779 3498 Ι
807 3431 940 3483 3autorv
971 3429 976 3499 Ι
1007 3432 1091 3499 precio
1109 3448 1127 3483 v
1150 3431 1161 3501 Ι
1186 3430 1365 3482 taltorta
1382 3429 1553 3500 testimonium
1567 3457 1585 3467 -

477 3508 581 3561 Romani
592 3512 698 3562 seclusit
709 3509 842 3562 Acidaliae
860 3508 865 3577 Ι
889 3511 961 3563 Cassi
973 3511 1025 3581 lige,
1044 3512 1124 3564 Cassii
1136 3527 1154 3563 v
1172 3509 1176 3576 Ι
1201 3511 1302 3575 tutoris]
1316 3511 1429 3563 auctoris
1440 3508 1585 3562 Salmasius

400 3623 404 3629 -
475 3589 480 3657 Ι
502 3591 606 3642 Coruini
617 3591 715 3642 Celeris
726 3588 848 3643 Selottm
870 3590 876 3659 Ι
897 3598 958 3661 poet
968 3593 1105 3644 Clementis
1115 3589 1259 3645 Seriverius
1271 3592 1371 3644 addidit
1381 3593 1455 3643 deest
1473 3588 1478 3658 Ι
1500 3587 1585 3675 βῆ·

477 3675 554 3743 rav,
568 3677 633 3742 quod
645 3677 778 3728 recitatum
795 3684 835 3728 est
846 3692 874 3727 v:
893 3678 1037 3744 quaestoris
1048 3676 1204 3760 Salmasipa,
1223 3677 1281 3744 quid
1293 3692 1441 3743 responsum
1453 3675 1583 3738 deiectius,

477 3758 619 3824 quaestoris
631 3757 724 3824 publici
735 3761 773 3810 air
785 3758 810 3811 d.
822 3762 849 3810 in
860 3775 944 3826 marg.
958 3759 1018 3811 adit.
1031 3759 1099 3812 lunt.
1112 3760 1168 3824 alt,
1183 3759 1325 3825 quaestoris
1337 3771 1486 3823 responsum
1497 3755 1584 3807 Hilde-

476 3838 599 3890 brandiue
626 3838 636 3902 Ι
660 3839 800 3905 Spretium
817 3840 886 3908 FqV
909 3839 920 3908 ΙΙ
949 3841 978 3890 11
998 3841 1106 3906 pretium
1118 3839 1188 3909 rev
1214 3837 1218 3906 Ι
1245 3839 1381 3906 repperisti
1393 3837 1444 3904 FV,
1462 3835 1583 3902 reperisti

476 3934 499 3986 φ
521 3915 527 3984 Ι
550 3921 627 3970 auria
639 3921 705 3985 quod
714 3920 823 3985 pretium
831 3920 993 3986 -repperisti
1005 3936 1063 3972 eum
1076 3925 1112 3972 eis
1124 3937 1188 3988 quae
1201 3925 1325 3972 recusetur
1336 3921 1470 3970 conluaruit
1479 3915 1583 3968 Salma-

475 4000 544 4049 sius:
563 3999 621 4064 quid
637 4001 903 4067 etiam-repperisti?
922 4017 968 4052 cur
984 4003 1217 4067 crgo-caperent
1234 3999 1430 4051 Hildetrandiua
1459 3997 1465 4065 Ι
1496 4012 1543 4061 eso
1560 3993 1581 4061 i,

475 4093 537 4142 ergo
556 4077 625 4146 quV
648 4077 658 4146 ΙΙ
683 4080 714 4130 12
731 4088 760 4131 ut
777 4097 826 4134 ona.
845 4098 858 4139 ς
883 4082 888 4148 Ι
915 4097 948 4132 ex
965 4097 995 4132 eo
1012 4083 1129 4134 Heinsius
1151 4080 1161 4152 ΙΙ
1187 4082 1218 4132 15
1236 4096 1268 4131 en
1284 4080 1327 4131 uhi
1344 4071 1553 4147 longemanum
1575 4076 1583 4145 ΙΙ

476 4160 508 4211 16
525 4160 681 4211 condonaret
696 4160 832 4214 Meam:
851 4163 1020 4214 condonasset
1031 4161 1106 4231 Fapv:
1116 4154 1240 4229 sortasse
1257 4176 1313 4212 eum
1330 4163 1449 4213 donasset
1466 4160 1582 4212 Boeseha

421 4262 424 4267 ·
473 4238 478 4307 Ι
503 4240 636 4311 nichiqu
660 4238 670 4309 ΙΙ
697 4243 727 4292 17
740 4257 786 4292 nec
797 4243 856 4293 mihi
867 4243 988 4294 Floridior
1015 4242 1020 4310 Ι
1047 4245 1178 4311 quidquam
1191 4261 1226 4312 ap:
1240 4243 1299 4293 nihil
1312 4244 1444 4310 quidquam
1457 4241 1582 4292 Pricaeus

473 4319 482 4387 ΙΙ
509 4322 540 4373 19
556 4323 623 4374 irata
639 4340 675 4392 φ,
690 4322 756 4374 irato
774 4324 825 4375 rv:
844 4325 942 4388 ingrato
959 4323 1000 4375 rel
1015 4323 1082 4374 irata
1098 4324 1222 4376 Pricaeus
1245 4324 1255 4392 ΙΙ
1280 4325 1312 4375 20
1328 4339 1367 4374 me
1383 4323 1423 4373 cui
1441 4339 1466 4386 ς,
1484 4314 1581 4371 mecum

475 4402 544 4470 1th
573 4403 577 4471 Ι
604 4405 738 4455 haeredem
753 4419 771 4456 v
794 4404 804 4473 ΙΙ
828 4405 858 4455 21
878 4403 1095 4456 cantaminibusV
1121 4403 1130 4471 ΙΙ
1154 4405 1187 4455 22
1205 4404 1242 4456 cl.
1262 4405 1396 4456 Maximum
1412 4403 1482 4471 rev
1508 4400 1518 4470 Ι
1547 4403 1581 4452 23

691 4492 693 4495 ’
817 4485 832 4525 b

475 4553 593 4591 scaenam
605 4539 726 4592 Pricaeus
753 4540 762 4606 Ι,
785 4539 913 4591 sustituito
926 4540 946 4591 F
971 4539 981 4609 ΙΙ
