3867 5559
453 683 498 750 55¹
563 681 567 688 ·
609 734 612 740 ,
791 681 822 735 n
839 675 1211 733 mvmruausvnnusrs
1503 747 1506 753 Ι

306 777 323 819 t.
332 777 391 817 114·Λ
406 774 478 814 erra
1470 765 1514 807 Bal.
1528 765 1643 812 ondend.

457 854 545 920 saepe
562 838 633 901 alias
652 836 753 900 multis
772 829 997 915 praesentibus?
1020 832 1100 913 quod
1119 832 1145 894 si
1159 848 1300 912 magnum
1319 839 1455 914 puurem
1470 834 1567 896 cadu-

457 956 527 1001 cum
553 940 681 1014 deicere,
702 936 772 1018 quid
786 954 863 1016 opus
877 934 1008 996 carmine
1020 934 1091 1009 fuit,
1107 951 1176 996 oum
1194 934 1331 996 incensus
1346 942 1462 1014 gagates
1476 935 1564 1016 lapis,
1580 954 1643 1008 (aaa)

457 1047 492 1103 ut
517 1042 595 1122 apud
620 1040 757 1122 physicos
782 1039 863 1116 lego,
885 1019 1011 1117 'pulchre
1038 1041 1066 1096 et
1090 1035 1173 1097 facile
1195 1036 1275 1096 hunc
1295 1035 1435 1098 morbum
1460 1038 1568 1118 explo-

457 1149 512 1217 ret,
536 1143 620 1205 cuius
646 1142 739 1203 odore
764 1139 851 1201 etiam
875 1138 908 1199 in
931 1136 1081 1199 uenaliciis
1110 1136 1200 1216 uulgo
1231 1135 1386 1199 sanitatem
1406 1144 1456 1199 aut
1479 1153 1567 1200 mor-

456 1242 529 1303 bum
547 1242 709 1305 ·nenalium
740 1235 948 1320 experiantur?
981 1237 1069 1299 etiam
1096 1238 1176 1301 orbis
1206 1258 1223 1301 a
1252 1240 1342 1319 figulo
1368 1241 1566 1304 circumactus
1589 1256 1606 1306 5

456 1359 520 1405 non
544 1343 660 1405 difficile
685 1341 817 1405 eiusdem
846 1339 1023 1402 ualetudinis
1043 1339 1196 1402 hominem
1221 1337 1235 1424 ΙΙ
1260 1341 1403 1421 uertigine
1427 1342 1474 1404 sui
1495 1360 1568 1405 cor·

376 1523 379 1528 Ι
457 1442 536 1524 ripit.
571 1444 611 1504 ita
623 1442 831 1524 spectaculum
854 1441 1009 1503 rotationis
1033 1441 1096 1502 eius
1115 1441 1249 1504 animum
1270 1443 1402 1504 saucium
1425 1441 1566 1518 debilitat,

457 1563 492 1606 ao
505 1546 600 1606 multo
614 1546 681 1626 plus
697 1546 733 1606 ad
747 1543 873 1606 caducos
885 1542 1118 1612 consternendos
1132 1543 1239 1624 tigillus
1253 1544 1331 1605 ualet
1345 1562 1434 1624 quam
1448 1561 1564 1624 magus.

457 1655 491 1709 tu
509 1645 619 1710 frustra
639 1644 804 1728 postulasti,
821 1651 855 1705 ut
869 1662 973 1705 seruos
989 1643 1171 1706 exhiberem:
1190 1664 1244 1725 ego
1259 1662 1322 1707 non
1336 1645 1374 1706 de
1393 1645 1486 1707 nihilo
1506 1664 1566 1727 po-

458 1747 547 1822 stulo,
572 1754 607 1809 ut
625 1747 772 1821 nomines,
799 1745 919 1825 quinam
937 1751 1028 1806 testes
1047 1745 1117 1808 huie
1135 1746 1274 1826 piaculari
1301 1764 1384 1808 sacro
1405 1747 1563 1822 adfuerint,
1588 1757 1623 1810 to

457 1867 527 1910 cum
541 1867 595 1928 ego
615 1855 752 1911 ruentem
771 1847 908 1908 Thallum
928 1845 1119 1927 impellerem.
1155 1865 1250 1910 unum
1277 1848 1400 1909 omnino
1425 1848 1564 1911 nomines

443 1950 616 2049 'cumulum
629 1950 713 2010 illum
729 1947 872 2010 Sicinium
884 1947 1059 2022 Pudentem,
1080 1948 1164 2010 ouius
1179 1967 1227 2010 me
1241 1949 1363 2011 nomine
1377 1965 1508 2026 accusas.
1536 1949 1564 2010 is

458 2052 536 2113 eninr
552 2051 680 2113 adfuisse
695 2069 728 2111 se
742 2050 826 2111 dicit:
841 2049 924 2110 ouius
939 2048 1064 2128 pueritia
1077 2049 1133 2110 etsi
1146 2049 1220 2111 nihil
1234 2049 1270 2111 ad
1284 2048 1455 2129 religionem
1469 2049 1567 2112 refra-

458 2159 585 2231 garetru,
604 2158 703 2212 tamen
718 2149 898 2213 accusationi
910 2149 999 2210 fidem
1015 2149 1144 2230 deroget.
1169 2151 1282 2212 facilius
1296 2150 1367 2225 fuit,
1393 2149 1563 2225 Aemiliane,

457 2270 491 2317 ae
504 2253 598 2315 multo
614 2253 743 2332 grauius,
764 2258 823 2313 tete
843 2259 878 2312 ut
890 2250 990 2331 ipsum
1005 2250 1116 2313 diceres
1131 2251 1299 2314 interfuisse
1317 2256 1347 2313 et
1366 2270 1401 2312 ex
1421 2270 1457 2313 eo
1476 2269 1562 2315 sacro
1578 2237 1638 2359 (ἐξ)

457 2354 590 2434 coepisse
609 2353 770 2416 dementire
787 2353 898 2434 potius,
919 2370 1008 2432 quarn
1027 2359 1125 2414 totum
1143 2352 1296 2432 negotium
1316 2353 1398 2432 quasi
1417 2352 1565 2418 ludicrum

368 2491 385 2530 Ι,
394 2490 442 2530 12„
457 2455 557 2538 pueris
572 2455 706 2517 donares.
735 2473 810 2535 puer
823 2453 936 2528 cecidit,
949 2471 1025 2535 puer
1038 2453 1126 2517 uidit:
1151 2472 1227 2517 num
1240 2454 1328 2516 etiam
1342 2472 1417 2534 puer
1434 2453 1441 2539 Ι
1459 2455 1565 2537 aliquis

457 2553 638 2620 incantauitf
1375 2547 1379 2555 ’

308 2659 450 2738 mxvr
541 2658 596 2720 llic
610 2657 680 2719 satis
695 2657 870 2719 ueteratorie
880 2656 1052 2719 Tannonius
1063 2657 1182 2720 Pudens
1196 2674 1266 2719 cum
1280 2659 1338 2720 hoc
1349 2678 1466 2741 quoque
1476 2679 1564 2725 men·

457 2760 574 2822 dacium
587 2759 694 2838 frigere
708 2776 742 2820 ae
755 2777 849 2840 prope
861 2758 922 2823 iam
935 2758 1071 2820 omnium
1084 2761 1171 2822 uultu
1185 2765 1215 2820 et
1234 2778 1389 2824 murmure
1408 2765 1564 2845 explosum
1585 2782 1620 2835 20

457 2861 579 2935 uideret,
600 2867 633 2922 ut
653 2861 702 2921 uel
721 2858 900 2939 suspitiones
921 2859 1107 2939 quorundam
1127 2878 1180 2940 spe
1198 2869 1374 2937 moraretur,
1395 2864 1435 2925 ait
1453 2882 1565 2944 pueros

391 2997 393 3000 <
415 2948 417 2952 Ι
458 2963 530 3024 alios
544 2961 770 3042 producturum,
784 2960 835 3040 qui
849 2961 908 3023 sint
922 2978 1014 3040 aeque
1028 2979 1046 3023 a
1058 2979 1107 3023 me
1120 2962 1268 3037 incantati,
1282 2970 1369 3044 atque
1379 2966 1420 3027 ita
1430 2964 1467 3027 ad
1478 2966 1568 3028 alam

459 3063 587 3146 speciem
600 3062 765 3143 argumenti
776 3069 977 3142 transgressus
992 3069 1046 3126 est.
1081 3063 1161 3144 quod
1183 3082 1361 3145 quamquam
1380 3067 1566 3131 dissimulare

458 3166 551 3247 potui,
565 3171 667 3228 umen
680 3171 715 3228 ut
728 3163 837 3239 omnia,
851 3163 964 3228 itahoe
978 3183 1097 3245 quoque
1109 3166 1188 3229 ultro
1202 3185 1346 3248 prouoco.
1381 3169 1469 3252 cupio
1483 3169 1567 3243 enim

477 3427 493 3473 t
511 3424 576 3474 Plin.
594 3429 646 3475 nat.
664 3422 723 3477 hist.
740 3421 852 3474 xxxvl
871 3424 913 3488 19,
933 3425 995 3473 142:
1015 3422 1134 3491 (gagates
1145 3421 1223 3491 lapis)
1241 3425 1370 3492 deprendit
1386 3427 1510 3478 sordeam

511 3508 626 3558 morbum
644 3515 669 3559 et
685 3507 853 3572 uirginitatm
870 3507 975 3561 suffitae.

527 3805 538 3856 1
553 3761 652 3869 masdra
664 3821 698 3872 φτ
715 3805 838 3869 magicam
852 3803 999 3857 Scriverius
1014 3802 1025 3873 Ι
1052 3805 1068 3857 2
1082 3805 1182 3858 deicere
1194 3823 1226 3875 φ,
1238 3806 1347 3859 deiicere
1361 3807 1401 3859 Fv
1417 3803 1429 3874 Ι
1452 3807 1469 3859 3
1482 3806 1563 3874 phiai-

459 3901 504 3937 coo
515 3884 560 3953 Fap
581 3884 591 3953 ΙΙ
613 3886 816 3939 duelitndiniav
840 3883 844 3952 Ι
864 3885 978 3952 corripit]
992 3885 1107 3950 coarguit
1120 3885 1159 3938 W
1158 3903 1258 3939 oseem
1275 3885 1285 3955 Ι
1313 3886 1469 3957 9οἰο1ιίΙοφ
1494 3887 1505 3957 Ι
1531 3889 1564 3947 10,

481 3965 493 4004 r

458 4016 585 4070 adfuerint
597 4034 620 4085 φ
642 4014 653 4084 Ι
677 4019 708 4068 13
721 4019 823 4071 affuisse
835 4019 898 4090 Ρφν
912 4018 917 4084 Ι
932 4018 1009 4070 nichil
1018 4037 1052 4088 ap:
1064 4019 1124 4072 milri
1136 4025 1343 4089 longemanum
1362 4019 1367 4088 Ι
1388 4021 1517 4086 regionem
1529 4022 1563 4074 F:

458 4098 586 4150 libidinem
603 4097 778 4164 Carantonus,
794 4099 946 4152 delationem
960 4098 1000 4151 W
999 4116 1099 4152 macrae
1122 4099 1127 4167 Ι
1151 4117 1179 4152 aa
1191 4101 1337 4167 frigeretur
1352 4105 1379 4154 fa
1393 4103 1413 4154 F
1427 4101 1475 4153 dal.
1493 4105 1521 4154 at
1535 4105 1564 4155 ata

456 4182 578 4246 margine
587 4196 605 4231 a
619 4195 698 4231 maara
714 4194 755 4248 pr.
766 4195 816 4231 aar.
833 4179 987 4244 fragarotnr‚
998 4179 1181 4246 suffragaretur
1193 4197 1210 4232 v
1221 4180 1232 4250 Ι
1250 4183 1282 4234 14
1294 4183 1450 4235 accnmtioni
1457 4185 1562 4252 scripsi:

458 4260 586 4312 accusatio
599 4261 662 4329 ucpv
676 4258 681 4330 Ι
696 4261 832 4324 derogaret
843 4279 860 4312 v
872 4259 882 4328 ΙΙ
899 4262 931 4313 16
944 4261 1058 4327 caepisse
1070 4261 1202 4313 dementia-i
1212 4279 1230 4315 v
1242 4260 1253 4330 Ι
1271 4264 1302 4315 l't
1314 4265 1410 4317 donare
1421 4263 1546 4316 rreum
1559 4263 1566 4332 Ι

458 4394 550 4461 aliquis
561 4412 587 4461 v,
600 4398 652 4461 alio
664 4395 693 4460 F,
705 4392 868 4464 aliquidapll
897 4394 929 4446 19
940 4397 1142 4448 ueteratoriaav
1171 4395 1177 4466 Ι
1202 4397 1391 4470 'Pannonicae
1414 4396 1425 4468 Ι
1449 4355 1564 4451 londr-

457 4475 560 4529 nureF
587 4475 598 4546 Ι
626 4479 656 4530 21
675 4475 830 4545 suspiciones
847 4475 910 4544 lav
931 4474 944 4547 Ι
966 4477 1000 4528 22
1012 4491 1119 4545 eanev
1142 4475 1153 4546 Ι
