3867 5559
848 752 1017 807 archoum
1413 760 1470 821 101

297 843 341 883 lad.
357 842 460 883 Oudend.
1455 843 1539 884 filisu.
1555 843 1625 886 tata

298 926 357 980 (aar)
373 910 466 972 danus
486 910 534 972 uel
553 909 731 991 quicumque
749 889 822 971 alius
842 915 911 990 post
928 894 1105 971 Zoroastren
1124 916 1153 970 et
1168 910 1298 972 Ostauen
1317 911 1393 975 inter
1411 929 1476 974 ma-

368 1031 421 1092 gos
436 1012 598 1074 celebratus
613 1020 666 1074 est.
1510 1080 1514 1087 ,

453 1113 524 1174 Vide
543 1132 662 1194 quaeso,
677 1112 820 1187 Maxime,
848 1130 936 1191 quem
955 1113 1117 1176 tumultum
1137 1114 1314 1189 suscitarint,
1336 1115 1474 1195 quoniam
1486 1127 1626 1182 Lxxxxl

369 1234 423 1295 ego
438 1233 548 1296 paucos
564 1234 720 1295 magorum
734 1213 909 1277 nominatim
929 1215 1093 1294 percensui.
1129 1215 1199 1296 quid
1218 1217 1322 1279 faciam
1341 1225 1403 1279 tam
1422 1236 1475 1280 ru-

335 1330 350 1378 5
370 1317 466 1390 dibus,
481 1324 542 1378 tam
556 1315 710 1380 barbaris?
740 1319 861 1378 doceam
875 1334 997 1378 rursum
1011 1316 1084 1380 haec
1098 1325 1128 1379 ct
1141 1319 1235 1381 multo
1251 1321 1336 1399 plura
1350 1320 1404 1381 alia
1417 1338 1475 1383 no-

369 1418 494 1491 minain
507 1419 699 1500 bybliothecis
715 1416 727 1504 ΙΙ
742 1419 866 1502 publicis
886 1419 964 1501 apud
986 1419 1164 1482 clarissimos
1186 1421 1344 1502 scriptores
1363 1439 1412 1484 me
1431 1422 1475 1483 le-

368 1521 454 1601 gisse,
470 1539 507 1582 an
521 1522 669 1603 disputem
684 1523 770 1601 longe
784 1520 942 1583 aliudesse
961 1520 1096 1583 notitiam
1116 1523 1282 1598 nominum,
1304 1525 1382 1587 aliud
1404 1525 1474 1586 artis

369 1623 500 1685 eiusdem
520 1625 762 1686 communionem
780 1623 897 1698 habere,
923 1640 978 1685 nec
998 1622 1104 1686 debere
1123 1624 1271 1687 doctrinae
1291 1626 1474 1689 instrumen-

297 1754 355 1805 (ιιι)
369 1732 434 1788 tum
448 1732 477 1786 et
491 1726 664 1789 eruditionis
680 1726 855 1789 memoriam
869 1743 927 1806 pro·
945 1726 1131 1788 confessione
1146 1726 1277 1791 criminis
1293 1729 1403 1803 haberi,
1414 1745 1472 1803 an,

316 1843 347 1894 to
368 1816 447 1908 quod
461 1830 555 1891 multo
570 1828 773 1909 praestabilius
789 1834 843 1902 cst,
863 1834 914 1889 tua
929 1827 1072 1903 doctrina,
1092 1828 1193 1891 Claudi
1212 1830 1344 1906 Maxime,
1364 1838 1473 1911 tuaque

366 1931 494 2013 perfecta
518 1930 683 1993 eruditione
706 1931 801 1993 fretus
826 1936 1015 1992 contemnam
1035 1930 1182 1993 stultiset
1195 1931 1336 2013 impolitis
1350 1933 1387 1995 ad
1401 1934 1474 1996 haec

366 2031 573 2123 respondere?¹
595 2034 635 2095 ita
653 2033 753 2113 potins
767 2033 885 2094 faciam:
909 2032 979 2112 quid
993 2031 1034 2093 illi
1048 2033 1224 2109 existiment,
1238 2035 1324 2096 nauci
1338 2053 1400 2097 non
1415 2055 1472 2116 pu-

366 2137 444 2197 tabo.
478 2136 557 2215 quod
575 2135 688 2197 institui
709 2154 830 2218 pergam
850 2135 1013 2216 disputare:
1036 2136 1147 2197 nullam
1162 2136 1234 2197 mihi
1248 2155 1367 2201 causam
1380 2137 1473 2200 fuisse
1526 2157 1529 2163 ’

366 2237 559 2300 Pudentillam
573 2238 722 2301 ueneficiis
736 2239 773 2299 ad
787 2238 904 2319 nuptias
919 2229 1124 2319 prolectandi.¹

315 2352 346 2401 15
450 2341 590 2404 Formam
605 2340 736 2402 mulieris
757 2348 786 2402 et
805 2346 929 2402 aetatem
948 2340 1004 2422 ipsi
1023 2342 1101 2401 ultro
1121 2339 1365 2420 improbauerunt
1384 2343 1472 2422 idque

312 2509 316 2517 ,
367 2443 440 2506 mihi
454 2443 526 2506 uitio
543 2443 695 2519 dederunt,
715 2445 804 2506 talem
819 2460 944 2506 uxorem
958 2460 1046 2504 causa
1065 2442 1202 2504 auaritiae
1221 2444 1405 2525 concupisse,
1425 2451 1471 2506 at·

420 2630 508 2680 magus
525 2616 641 2666 interiore
659 2617 691 2666 ab
704 2611 927 2675 orbeZoroastres,
945 2614 1082 2678 Hermippo
1094 2621 1121 2663 ιιι
1132 2615 1297 2682 assentiamur
1314 2618 1418 2678 auctori,
1480 2675 1482 2680 .

418 2701 566 2750 Bactrianus
591 2706 615 2750 et
637 2701 677 2750 ille
701 2701 845 2764 conueniat,
870 2700 939 2748 cuius
965 2697 1060 2748 Ctesias
1085 2712 1124 2748 res
1148 2704 1231 2762 gestas
1256 2699 1416 2749 historiarum

419 2785 520 2848 exponit
537 2785 562 2833 in
581 2785 676 2848 primo,
699 2783 845 2844 Armenius,
868 2781 969 2831 Ostanis
988 2795 1079 2846 nepos,
1105 2789 1129 2831 et
1147 2781 1273 2831 famibaris
1291 2784 1424 2851 Pamphy?

317 2879 319 2882 ·
417 2870 455 2918 lus
479 2867 549 2933 Cyri,
577 2868 735 2933 Apollonius,
764 2865 902 2931 Damigero
926 2871 950 2915 et
973 2866 1121 2929 Dardanus,
1143 2866 1229 2930 Volua,
1255 2867 1364 2918 Iulianus
1391 2877 1417 2918 et

418 2952 550 3014 Baebulns,
574 2958 600 3001 et
622 2952 643 3000 si
665 2952 719 3015 quis
742 2959 780 3001 est
796 2952 866 3014 alius,
888 2951 931 3014 qui
955 2951 1121 3015 principatum
1140 2955 1165 3000 et
1184 2965 1275 3001 nornen
1295 2951 1373 3002 fertur
1390 2953 1416 3004 in

418 3038 506 3088 talibus
524 3036 637 3086 habaima
655 3035 801 3100 praestigiis.
821 3061 855 3072 -·
873 3035 937 3088 Plin.
955 3036 972 3088 l.
990 3035 1015 3088 d.
1034 3037 1059 3098 2,
1079 3037 1125 3084 11:
1144 3042 1182 3085 est
1200 3042 1224 3085 et
1241 3037 1290 3084 alia
1307 3029 1417 3101 magices

417 3122 493 3171 factio
515 3135 531 3168 a
547 3120 620 3169 Mose
643 3127 668 3169 et
684 3121 761 3170 lanne
786 3128 811 3169 et
827 3118 926 3183 Lotape
950 3133 981 3168 ac
1005 3117 1103 3168 Iudaeis
1126 3119 1245 3183 pendens,
1267 3121 1310 3169 sed
1333 3121 1416 3184 multis

356 3248 358 3252 .
418 3206 515 3256 milibus
533 3218 656 3253 annorum
673 3209 730 3268 post
747 3205 905 3256 Zoroastren.
924 3229 958 3240 -·
977 3195 1036 3254 ibid.
1056 3205 1080 3265 2,
1094 3205 1121 3253 9:
1140 3204 1298 3254 Democritus
1317 3205 1415 3268 Apol·

417 3287 714 3354 lobechenUCoptiten
738 3296 763 3337 et
785 3288 931 3337 Dardanum
950 3302 964 3337 e
981 3287 1109 3338 Phoenice
1126 3288 1264 3351 illustrauit,
1286 3288 1415 3338 uolumini·

326 3390 329 3395 ·
418 3375 463 3422 bus
481 3374 593 3423 Dardani
610 3374 635 3422 in
654 3373 793 3437 sepulcrum
812 3371 863 3421 eius
881 3373 971 3436 petitis,
988 3372 1038 3421 suis
1055 3386 1114 3422 uero
1134 3385 1166 3421 ex
1184 3371 1311 3436 disprlina
1330 3388 1415 3425 eorum

417 3458 497 3518 editis,
521 3470 585 3521 quae
608 3460 709 3520 recepta
731 3456 763 3505 ab
786 3453 841 3504 ullis
862 3454 995 3504 hominum
1017 3460 1091 3520 atque
1114 3457 1306 3521 transiisseper
1323 3473 1415 3509 memo-

416 3543 479 3593 riam
496 3556 576 3606 aeque
589 3555 619 3590 ac
637 3540 698 3588 nihil
715 3540 741 3590 in
760 3540 812 3589 uita
829 3539 970 3589 mirandum
988 3547 1033 3592 est.

383 3629 396 3677 1
416 3628 474 3677 ibid.
493 3629 519 3689 2,
539 3628 567 3674 δε
586 3625 638 3674 sine
656 3624 730 3674 dubio
748 3622 854 3689 (magia)
873 3630 928 3674 orta
943 3625 971 3676 in
989 3624 1091 3677 Perside
1109 3640 1125 3675 a
1142 3627 1282 3690 Zoroastre,
1306 3634 1334 3676 nt
1351 3629 1415 3678 inter

417 3717 531 3762 auctores
550 3709 679 3760 conuenit:
698 3709 741 3756 sed
759 3723 824 3757 unus
842 3710 885 3758 hic
903 3711 979 3759 fuerit
996 3725 1028 3759 an
1046 3715 1133 3773 postea
1152 3716 1176 3760 et
1194 3711 1263 3773 alius,
1287 3727 1337 3760 non
1355 3714 1415 3762 satis

417 3801 521 3846 constat.
546 3823 580 3833 -
608 3789 665 3843 ibid.
691 3795 715 3854 2,
739 3793 768 3840 8:
795 3792 898 3858 primus,
926 3795 993 3856 quod
1016 3799 1091 3856 extet,
1119 3801 1147 3842 ut
1169 3795 1283 3857 equidem
1304 3796 1415 3860 inuenio,

415 3885 595 3929 commentatus
620 3885 657 3928 est
679 3877 710 3926 dc
735 3891 765 3926 ea
777 3876 884 3926 Ostanes
901 3877 1003 3929 Xerxen
1022 3892 1107 3942 regem
1125 3879 1255 3928 Persarum
1272 3879 1337 3929 bello
1349 3880 1415 3943 quod

416 3965 437 4012 is
463 3963 583 4014 Graeciae
610 3963 692 4013 intulit
720 3961 863 4023 comitatus,
896 3978 927 4013 ac
953 3964 1022 4014 uelut
1048 3963 1144 4012 semina
1170 3963 1229 4012 artis
1256 3970 1415 4029 portentosae

416 4047 506 4111 sparsit
523 4048 602 4098 obiter
619 4047 713 4098 infecto
731 4059 888 4110 quacumque
906 4055 1109 4096 commeauerant
1125 4047 1230 4096 mundo.

432 4252 443 4303 1
462 4253 635 4320 quicunquev
661 4251 666 4320 Ι
692 4254 820 4305 llostanen
832 4252 896 4321 Ftpr
919 4249 930 4322 ΙΙ
954 4196 1112 4305 ιι(1ἱιιῖ·ίίιξ3ἓηΙ
1127 4199 1207 4324 mam
1231 4252 1241 4323 ΙΙ
1264 4256 1401 4320 brumum]
1414 4255 1467 4307 Ru-

361 4333 437 4386 fluum
449 4350 462 4392 ς
485 4331 496 4401 fl
520 4335 536 4385 6
547 4333 716 4402 bybliothecis
729 4334 758 4400 ll,
771 4334 931 4386 bibliothecis
944 4350 985 4404 φν
1006 4333 1016 4404 ΙΙ
1041 4336 1056 4385 'l
1069 4333 1186 4386 noticiam
1198 4351 1214 4386 v
1235 4334 1246 4403 {l
1268 4335 1284 4385 8
1295 4334 1389 4385 habere
1398 4351 1467 4387 coru-

360 4413 530 4468 munio'nemv
553 4413 563 4483 l
589 4416 618 4467 11
634 4422 840 4485 contempnamq
863 4414 874 4484 ΙΙ
906 4416 937 4467 12
951 4415 1024 4466 nauci
1037 4406 1149 4466 wlsius:
1167 4415 1324 4484 nuceillapv:
1345 4415 1467 4482 quidun

360 4495 505 4548 existiment
517 4510 619 4561 naccae,
636 4511 685 4547 uon
697 4496 789 4562 putabo
803 4497 913 4561 Cottius,
932 4496 1114 4563 quid-nauus,
1127 4497 1184 4548 naui
1197 4515 1219 4549 n.
1234 4514 1257 4565 p.
1280 4495 1375 4549 Tbeod.
1392 4496 1466 4549 Mat·-

358 4573 442 4639 cib'ar‚
460 4575 518 4641 quid
526 4603 545 4614 -
553 4583 650 4642 nactae,
663 4592 712 4627 non
724 4578 818 4629 curabo
829 4578 870 4630 ael
879 4578 954 4630 nauci
964 4578 1057 4645 putabo
1071 4577 1166 4631 Tuan
1190 4577 1200 4648 ΙΙ
