3867 5559
504 759 584 802 xxnu
803 737 1308 793 tsnaclcasnvaoulpasuulllo

505 914 564 957 nus
587 889 726 956 venient.
764 890 817 955 En
838 890 937 977 igitur
959 891 1019 956 tibi
1038 892 1176 978 Iosephe
1191 891 1339 979 Scaliger
1360 892 1510 982 princeps
1535 918 1605 961 eru·
1694 982 1698 993 Ι

420 984 425 998 ’
504 997 659 1079 ditorum,
693 1019 869 1084 paucorum
904 995 1027 1062 dierum
1062 997 1181 1081 dicam,
1217 1009 1258 1065 a'n
1290 999 1441 1065 horarum
1469 1000 1606 1066 foetum:

505 1124 601 1190 quem
624 1100 685 1167 etsi
706 1095 870 1188 ὑπηνέμιον,
898 1125 993 1168 ausus
1016 1125 1087 1168 sum
1110 1103 1234 1169 muneri
1257 1103 1316 1170 tibi
1339 1104 1475 1170 mittere.
1521 1104 1605 1171 Nam

388 1294 391 1298 Ι
505 1217 538 1272 et
560 1207 719 1295 gestiebat
740 1206 865 1295 pridem
887 1207 1012 1274 animus
1035 1208 1099 1273 mei
1122 1208 1155 1274 in
1177 1218 1209 1275 te
1233 1209 1350 1276 amoris
1373 1218 1469 1298 atque
1499 1212 1605 1277 obser-

504 1313 633 1379 vantiae
655 1321 897 1379 monumentum
921 1313 1051 1402 aliquod
1074 1314 1107 1381 in
1129 1315 1246 1403 vulgus
1269 1315 1382 1382 edere:
1405 1323 1437 1380 ct
1453 1338 1505 1381 me
1520 1339 1606 1384 nunc

503 1417 636 1483 illustris
658 1417 706 1483 tui
728 1419 866 1485 nominis
889 1418 1068 1507 patrocinio
1092 1442 1164 1487 cum
1186 1420 1326 1486 maxime
1347 1420 1491 1509 indigere
1507 1422 1606 1509 probe

504 1523 732 1611 intelligebam.
772 1524 823 1590 Tu
846 1547 888 1591 ne
910 1524 1135 1591 auctoritatem
1158 1525 1314 1614 defugias,
1337 1548 1396 1614 per
1418 1549 1479 1613 ego
1503 1536 1535 1592 te
1550 1549 1606 1593 no-

505 1638 605 1696 stram
634 1629 824 1714 amicitiam,
853 1631 949 1698 etiam
980 1639 1077 1717 atque
1105 1631 1202 1697 ctiam
1231 1654 1311 1720 rogo
1335 1641 1431 1719 atque
1454 1634 1604 1698 obtestor.

503 1735 614 1802 Debes
635 1736 698 1801 hoc
720 1735 809 1818 mibi,
835 1735 883 1802 vir
904 1736 1112 1821 nobilissime,
1138 1737 1250 1804 debes:
1276 1737 1332 1825 qui
1354 1737 1417 1802 tuis
1438 1737 1538 1803 literis
1562 1738 1607 1804 ita

505 1863 556 1906 mc
578 1863 682 1929 nuper
704 1842 868 1927 excitasti,
892 1841 937 1906 ita
960 1842 1139 1928 ἐπτέρωσας,
1162 1851 1198 1908 ut
1222 1842 1248 1907 si
1272 1843 1348 1931 quid
1371 1843 1405 1908 in
1423 1843 1484 1908 hoc
1507 1864 1605 1931 nego-

505 1946 549 2013 tio
573 1947 785 2014 confidentius
806 1972 827 2013 a
849 1970 901 2013 me
924 1947 965 2012 sit
988 1947 1175 2015 admissum:
1199 1947 1232 2013 id
1256 1972 1316 2036 ego
1337 1971 1403 2014 non
1418 1959 1485 2015 tam
1499 1972 1606 2016 meum

505 2075 603 2140 quam
624 2061 716 2119 tuum
738 2052 892 2120 iudicium
915 2062 1052 2138 secutus,
1076 2053 1289 2141 peccaverim.
1329 2052 1421 2132 Quae
1444 2076 1521 2143 ergo
1538 2056 1607 2122 eius

504 2158 632 2247 generis
655 2169 758 2243 erunt,
783 2181 821 2225 ea
843 2169 888 2243 tu,
912 2181 971 2246 pro
994 2158 1103 2224 divina
1118 2159 1174 2224 illa
1189 2169 1244 2226 tua
1261 2159 1509 2247 aequanimitate
1525 2184 1607 2248 quae

402 2335 406 2343 ,
504 2287 556 2331 me
583 2287 650 2330 non
676 2265 721 2331 ita
750 2263 876 2352 pridem
904 2264 937 2330 in
967 2265 1117 2330 ruborem
1141 2264 1237 2348 dedit,
1261 2265 1447 2332 excusabis:
1470 2289 1528 2353 pro
1551 2267 1607 2334 illa

505 2371 660 2459 singulari
683 2370 875 2454 eruditione,
904 2393 969 2459 qua
992 2393 1102 2436 omnes
1125 2372 1276 2437 mortales
1298 2371 1332 2437 in
1354 2371 1401 2438 tui
1424 2371 1606 2438 admiratio·

503 2499 579 2543 nem
601 2476 750 2564 rapuisti,
781 2476 938 2563 corriges:
969 2499 1022 2558 ac,
1046 2499 1104 2563 pro
1127 2486 1200 2560 tuo,
1223 2475 1334 2565 tuique
1356 2478 1498 2566 parentis
1521 2479 1606 2545 illius

504 2582 615 2672 Sophi,
639 2605 738 2667 more,
762 2605 845 2671 quae
867 2580 960 2648 nobis
984 2581 1120 2669 aliisque
1143 2591 1217 2648 sunt
1238 2582 1447 2670 incomperta,
1470 2606 1529 2649 nos
1551 2584 1605 2651 do-

504 2689 601 2756 cebis.
647 2689 738 2756 Deus
762 2688 873 2756 OPT.
896 2687 1019 2754 MAX.
1043 2696 1075 2753 te
1098 2696 1205 2754 servet
1230 2688 1413 2775 Μουσηγέτα.
1452 2688 1550 2755 Vale:
1573 2702 1606 2775 et

503 2795 651 2883 proxima
673 2796 808 2878 foetura,
832 2794 859 2860 si
881 2794 983 2861 vitam
1005 2794 1089 2860 idem
1111 2793 1212 2878 Deus,
1237 2794 1263 2860 si
1285 2794 1384 2861 otium
1401 2796 1605 2880 concesserit,

504 2901 708 2968 Athenaeum
731 2923 770 2967 ac
793 2898 984 2968 Suetonium
1002 2925 1026 2967 a
1047 2899 1141 2967 nobis
1165 2909 1309 2989 expecta.
1383 2988 1388 2996 1

592 3643 772 3708 Sabaectere
811 3644 881 3707 libet
917 3643 1036 3705 initiam
1078 3641 1246 3706 Oaaaadoai
1280 3643 1541 3726 ‹caetiputioauw
1574 3644 1607 3705 in

405 3786 408 3791 ·
503 3751 613 3834 Apulei
635 3751 817 3832 apolopiam:

590 3855 632 3920 In
654 3851 854 3920 emendando
870 3850 1107 3940 elegantissimo
1123 3851 1185 3917 isto
1200 3851 1293 3936 libro,
1314 3852 1490 3939 usipumus
1505 3853 1607 3917 veteri

504 3959 645 4027 editione
659 3959 817 4040 Romana,
841 3981 924 4047 quae
942 3959 1085 4025 omnium
1100 3957 1204 4046 prims
1219 3981 1303 4024 anno
1319 3954 1606 4024 Mucccuxlx.
1705 3981 1710 3989 ·

504 4089 582 4133 cusa
605 4073 662 4131 est
701 4086 739 4130 ea
760 4064 854 4131 nobis
877 4065 919 4131 ad
940 4089 1071 4132 manum
1087 4085 1214 4153 semper
1228 4063 1520 4150 manuscriptorum
1534 4063 1607 4127 loco

503 4170 573 4238 fuit.
612 4169 693 4236 Eius
716 4192 777 4257 ope
799 4169 932 4238 mendas
955 4193 997 4237 ex
1019 4170 1141 4237 tantulo
1165 4169 1294 4259 scripto,
1318 4169 1471 4258 plurimas
1486 4176 1519 4234 et
1534 4190 1606 4255 gra-

504 4276 652 4343 vissimas
681 4275 875 4343 sustulimus.
920 4285 955 4342 ut
985 4275 1040 4365 qui
1069 4298 1180 4342 eorum
1201 4274 1433 4364 negligentiam
1456 4295 1607 4339 excusem

504 4382 624 4465 nescio,
649 4382 704 4470 qui
725 4383 788 4448 hoc
811 4381 917 4469 ipsum
939 4391 1014 4448 ante
1036 4404 1095 4449 nos
1117 4380 1264 4469 professi,
1289 4391 1354 4448 tam
1374 4380 1489 4447 leviter
1510 4379 1606 4444 colla-

420 4578 422 4584 .
504 4487 592 4554 tione
613 4485 699 4553 illius
721 4488 795 4555 libri
819 4488 883 4554 sint
905 4487 1057 4556 defamcti.
1100 4487 1170 4554 Nos
1194 4495 1306 4554 eontra
1329 4511 1400 4555 eam
1424 4483 1606 4565 editionem,
