3867 5559
447 743 490 805 64
797 737 1216 794 n.srvnn1nansvnnus1s

306 824 323 867 1.
332 825 394 867 1151).
408 825 483 867 1111).
1470 826 1513 866 lud.
1528 825 1635 869 ondcnd.

356 914 372 955 r.
381 891 440 957 11⁶·ss
455 895 605 974 cognitum
620 888 633 976 ss
648 885 832 954 condemnet.
856 893 935 956 haud
946 894 1037 954 sciam
1048 911 1085 955 an
1095 912 1210 968 rursus,
1224 902 1258 957 ut
1268 894 1357 969 soles,
1371 893 1467 956 dicas:
1477 884 1562 974 ‘quid

456 1013 526 1075 ergo
546 994 617 1056 illud
637 993 703 1066 fuit,
723 993 802 1073 quod
822 994 912 1055 linteo
933 1001 1042 1057 tectum
1064 997 1140 1076 apud
1160 997 1234 1057 lares
1254 996 1442 1075 potissimum
1468 996 1561 1078 depo-

456 1087 577 1158 suisti‘l’
605 1095 682 1156 itane
695 1102 749 1169 est,
764 1093 946 1157 Aemiliane?
969 1097 1011 1158 sic
1024 1116 1152 1171 accusas,
1172 1103 1207 1160 ut
1222 1096 1320 1158 omnia
1334 1115 1351 1157 a
1364 1116 1416 1160 reo
1432 1116 1560 1179 percon·
1573 1111 1634 1170 (ara)

455 1206 521 1259 taos
540 1197 613 1258 nihil
632 1197 695 1276 ipse
709 1197 823 1259 adferas
843 1200 1003 1278 cognitum.
1030 1191 1131 1278 ‘quam
1157 1200 1194 1262 oh
1219 1218 1284 1261 rem
1302 1198 1391 1280 piscis
1410 1191 1561 1278 quaerisi’

452 1291 518 1361 ‘cur
544 1317 661 1377 aegram
686 1298 840 1359 mulierem
865 1291 1053 1380 inspexistii'
1085 1293 1167 1380 ‘quid
1192 1302 1222 1362 in
1248 1301 1365 1362 sudario
1394 1294 1598 1365 habuistii’a

454 1408 558 1463 utrum
572 1409 605 1462 tu
620 1409 787 1462 accusatum
807 1421 846 1463 an
859 1403 1071 1483 interrogatum
1091 1399 1221 1464 uenisti?
1250 1402 1275 1463 si
1294 1410 1474 1478 accusatum,
1498 1411 1560 1466 tute

455 1522 543 1582 argue
567 1520 640 1582 quae
660 1502 742 1577 dicis,
768 1503 793 1565 si
812 1504 1036 1584 interrogatum,
1065 1503 1126 1567 noli
1150 1503 1348 1583 praeiudicare
1372 1505 1441 1583 quid
1460 1504 1559 1579 fucrit,

455 1605 533 1686 quod
548 1605 614 1665 ideo
629 1611 658 1664 te
672 1622 792 1667 necesso
807 1612 852 1667 est
861 1605 1052 1685 interrogare,
1068 1605 1134 1684 quia
1145 1605 1250 1668 nescis.
1277 1612 1407 1667 ceterum
1421 1607 1479 1669 hoc
1493 1606 1560 1685 qui-

383 1713 386 1716 ”
454 1707 521 1768 dem
536 1697 538 1700 ”
551 1713 636 1785 pacto
663 1706 760 1767 omnis
784 1707 921 1769 homines
947 1707 990 1768 rei
1014 1706 1240 1781 constituentur,
1273 1708 1298 1768 si
1323 1708 1350 1768 ci
1375 1707 1425 1786 qui
1449 1725 1560 1770 nomen

454 1809 617 1889 cuiuspiam
631 1808 776 1883 detulerit,
791 1806 870 1870 nulla
884 1809 1043 1870 necessitas
1059 1808 1097 1868 sit
1110 1808 1264 1888 probandi,
1283 1809 1379 1870 omnis
1395 1815 1497 1871 contra
1510 1809 1556 1871 fa·
1580 1819 1613 1870 10

453 1910 547 1973 cultas
560 1909 762 1990 percontandi.
790 1911 897 1991 quippe
909 1911 1058 1984 omnibus,
1079 1910 1105 1972 si
1124 1909 1171 1973 cui
1190 1909 1267 1972 forte
1281 1910 1433 1989 negotium
1447 1910 1559 1991 magiae

452 2011 616 2084 facessitus,
637 2011 773 2091 quioquid
789 2012 911 2074 omnino
932 2013 1053 2093 egerint,
1074 2010 1226 2073 obicietur.
1260 2019 1367 2074 uotum
1386 2012 1417 2073 in
1437 2012 1558 2075 alicuius

454 2121 567 2176 statuae
581 2113 694 2174 femore
709 2111 844 2191 signasti:
864 2113 953 2193 igitur
966 2131 1071 2193 magus
1086 2132 1134 2187 es3
1161 2120 1210 2174 aut
1224 2131 1278 2174 cur
1291 2109 1435 2192 signasti?
1456 2114 1558 2175 tacitas

453 2233 555 2295 preces
569 2213 724 2292 intemplo
739 2213 800 2274 deis
815 2215 957 2295 allegasti:
979 2216 1069 2295 igitur
1085 2233 1188 2293 magus
1204 2234 1249 2290 es;
1275 2223 1325 2278 aut
1340 2215 1409 2294 quid
1426 2213 1555 2295 optasti?
1570 2235 1629 2288 (ara)

453 2325 570 2378 contra:
586 2315 658 2376 nihil
671 2315 826 2396 intemplo
840 2324 977 2397 precatus
991 2335 1038 2378 es:
1058 2316 1146 2396 igitur
1159 2335 1263 2396 magus
1278 2336 1324 2392 es;
1344 2325 1395 2379 aut
1412 2335 1467 2380 cur
1485 2319 1556 2380 deos
1578 2324 1612 2375 15

453 2435 516 2481 non
525 2413 660 2498 rogasti?
683 2417 815 2480 similiter
828 2419 854 2480 si
868 2420 1004 2498 posueris
1019 2420 1132 2480 donum
1146 2418 1273 2498 aliquod,
1294 2419 1320 2480 si
1339 2419 1556 2494 sacritioaueris,

453 2521 479 2582 si
492 2521 653 2583 uerbenam
665 2519 836 2602 sumpseris.
865 2520 927 2581 dies
943 2539 992 2582 me
1007 2520 1128 2594 deficiet,
1145 2520 1170 2581 si
1185 2520 1285 2581 omnia
1303 2521 1391 2582 uelim
1410 2522 1556 2603 persequi,

453 2641 581 2703 quorum
595 2623 739 2685 rationem
754 2622 887 2685 similiter
897 2620 1091 2684 calumniator
1101 2621 1247 2701 flagitabit.
1268 2617 1272 2705 Ι
1291 2624 1463 2702 pracsertim
1478 2624 1557 2704 quod

452 2725 605 2786 conditum
619 2744 755 2805 cumque,
774 2726 854 2805 quod
868 2724 1066 2804 obsignatum,
1087 2725 1167 2804 quod
1185 2724 1333 2786 inclusum
1353 2725 1434 2786 domi
1455 2726 1556 2788 adser·
1625 2714 1626 2717 ¹

453 2834 549 2901 natur,
575 2827 605 2888 id
625 2846 713 2889 omne
732 2828 837 2889 eodem
856 2833 1031 2907 argumento
1051 2826 1198 2906 magicum
1220 2826 1343 2900 dicetur,
1368 2835 1419 2889 aut
1443 2846 1461 2889 c
1485 2828 1556 2889 cella
1576 2839 1611 2890 20

453 2929 655 3009 promptuaria
667 2929 699 2990 in
711 2929 812 2990 forum
827 2937 913 3008 atque
927 2930 958 2991 in
972 2928 1111 2990 iudicium
1126 2928 1300 3008 proferetur.

391 3044 437 3097 LV
538 3029 615 3093 Hace
629 3039 738 3110 quanta
752 3031 810 3092 sint
825 3037 854 3091 et
872 3030 1062 3104 cuiusmodi,
1080 3029 1213 3103 Maxime,
1230 3038 1414 3109 quantusque
1433 3047 1555 3111 campus

453 3133 606 3195 calumniis
620 3134 678 3195 hoc
690 3132 843 3195 Aemiliani
857 3133 973 3203 tramite
986 3133 1142 3212 aperiatur,
1158 3132 1316 3212 quantique
1330 3131 1453 3193 sudores
1467 3131 1556 3194 inno·

453 3235 586 3298 cenhbus
605 3235 663 3296 hoe
677 3253 737 3297 uno
753 3235 902 3297 sudariolo
921 3235 1099 3308 adferantur,
1121 3252 1245 3313 possum
1265 3234 1401 3313 equidem
1423 3232 1555 3314 pluribus

453 3336 610 3417 disputare,
630 3337 683 3399 sed
707 3337 811 3399 faciam
831 3338 911 3418 quod
930 3337 1056 3399 institui:
1083 3335 1170 3397 etiam
1190 3336 1269 3415 quod
1290 3352 1354 3397 non
1369 3352 1491 3397 necesso
1511 3342 1556 3398 cst
1576 3349 1610 3399 25

452 3438 615 3501 confitebor
634 3447 669 3500 ¹et
692 3440 888 3521 interrogatus
914 3441 949 3501 ab
973 3438 1133 3500 Aemiliano
1154 3437 1349 3517 respondebo.
1382 3437 1554 3518 interrogas,

452 3540 620 3615 Aemiliane,
642 3541 710 3620 quid
732 3543 762 3605 in
782 3543 900 3605 sudario
915 3540 1077 3603 habuerim.
1113 3547 1142 3601 at
1165 3559 1219 3619 ego
1239 3557 1417 3619 quamquam
1433 3540 1554 3602 omnino

452 3642 583 3721 positum
598 3644 691 3705 ullum
706 3641 856 3709 sudarium
872 3663 973 3709 meum
987 3644 1017 3706 in
1031 3642 1213 3723 bybliotheca
1222 3640 1360 3705 Pontiani
1373 3641 1487 3722 possim
1501 3659 1555 3704 ne

521 3857 749 3936 lcohdcmpnctq
780 3864 790 3936 ΙΙ
822 3866 1024 3933 lpotissimum]
1037 3864 1153 3916 Pontiani
1164 3864 1289 3916 Psfcacus
1320 3862 1331 3933 fl
1367 3863 1555 3929 iporcontens

453 3951 554 4017 scripsi:
567 3956 732 4013 perconctarc
744 3949 797 4017 rc,
813 3956 963 4014 percontare
976 3946 1008 4011 V,
1025 3953 1212 4012 perecutores:
1231 3944 1390 4012 percontaris
1407 3943 1556 3996 Hildcbraa·
1606 4013 1607 4016 Ἴ

452 4027 512 4078 dius
534 4026 545 4096 l
568 4027 706 4099 4'nichilq
732 4029 737 4098 Ι
763 4031 880 4098 pisccsip
903 4028 913 4098 ΙΙ
938 4029 1050 4079 futrum
1061 4025 1252 4122 tufalmasa'm:
1269 4033 1297 4078 ut
1310 4033 1393 4078 sumtu
1405 4026 1459 4094 Frp,
1481 4033 1509 4077 ut
1525 4039 1556 4076 su

1081 4117 1096 4147 u

452 4170 481 4215 tu
491 4161 523 4226 V,
536 4163 645 4213 insutum
659 4178 682 4219 r:
703 4179 760 4213 num
772 4171 801 4216 tu
811 4163 918 4217 Fulcs'm
943 4161 948 4229 1
975 4160 1150 4213 accusatamF
1182 4159 1193 4228 p
1225 4161 1410 4213 8caotcrnmv
1441 4157 1452 4228 ΙΙ
1484 4159 1513 4211 11
1534 4160 1557 4211 si

453 4244 494 4293 cni
505 4243 536 4308 F,
555 4242 601 4295 sic*
613 4263 644 4315 φ,
665 4245 731 4295 sicut
742 4260 771 4295 v:
787 4252 816 4296 ut
829 4246 917 4311 cuique
933 4245 974 4296 ool
984 4244 1058 4295 simul
1075 4242 1116 4293 cni
1129 4240 1303 4305 Casaabonuc,
1329 4243 1351 4292 si
1364 4241 1422 4308 quid
1435 4239 1475 4293 W
1471 4243 1557 4307 gitan-

452 4325 556 4376 bachius
582 4324 586 4391 Ι
613 4326 771 4389 negociumv
794 4323 804 4392 ΙΙ
828 4325 859 4375 12
870 4323 1013 4377 facessetur
1026 4324 1192 4376 Casauboauc
1214 4321 1219 4391 Ι
1245 4322 1369 4374 obicietur
1378 4322 1409 4388 F,
1422 4321 1557 4373 obiiciatur

451 4421 493 4474 φν
516 4403 526 4472 ΙΙ
551 4406 582 4458 13
595 4405 757 4470 assignastis
779 4402 789 4471 ΙΙ
814 4406 846 4456 15
858 4407 967 4474 nichilip
987 4404 992 4473 Ι
1011 4412 1174 4472 praecatura
1197 4403 1207 4473 ΙΙ
1230 4406 1260 4457 21
1275 4401 1466 4471 promptariaV
1490 4399 1500 4468 [Ι
1522 4400 1555 4450 22

451 4486 621 4538 cuiuscemodi
633 4486 655 4540 V
678 4485 689 4555 l
712 4487 744 4537 23
756 4486 903 4553 calumpniis
915 4505 946 4554 φ,
958 4487 1071 4537 columns
1083 4484 1106 4536 V
1121 4485 1126 4551 Ι
1141 4485 1263 4538 limilianc
1275 4501 1292 4537 v
1316 4485 1326 4553 [Ι
1350 4484 1383 4535 28
1395 4482 1557 4550 bybliotheca

452 4566 483 4631 F,
495 4564 655 4634 biblyotbeea
668 4585 701 4636 φ,
712 4568 864 4621 bibliotheca
876 4585 893 4619 v
916 4565 926 4634 fl
