3867 5559
473 712 514 776 32
809 709 839 762 L.
857 709 981 763 hPVLEl
999 710 1235 764 MADAVRENSIS

335 796 351 838 t.
360 797 422 839 met.
437 797 498 841 tau
1489 795 1532 836 Ed.
1548 795 1653 840 ondend.

473 863 558 938 hane,
573 869 603 925 et
616 863 646 924 id
661 880 752 943 genus
766 863 902 926 homines
916 866 959 926 uti
973 874 1007 927 tu
1021 885 1053 927 es
1068 866 1169 927 inoulti
1184 870 1213 926 et
1227 871 1365 944 agrestes,
1379 864 1453 926 tanti
1467 882 1500 924 re
1511 881 1582 925 uera

475 966 545 1027 estis
560 971 702 1046 quantum
716 965 839 1040 hahetis,
861 974 895 1028 ut
913 968 1002 1029 arbor
1021 969 1177 1029 infecunda
1196 974 1225 1028 et
1239 966 1347 1041 infelix,
1373 984 1446 1046 quae
1465 965 1580 1045 nullum

473 1067 604 1139 fructum
623 1084 659 1130 ex
678 1085 743 1128 sese
763 1068 866 1148 gignit,
886 1071 959 1131 tanti
979 1076 1025 1131 est
1043 1071 1074 1131 in
1092 1070 1196 1150 pretio,
1218 1070 1318 1149 quanti
1336 1069 1448 1148 lignum
1466 1067 1529 1129 eius
1550 1067 1581 1127 in

472 1175 590 1231 trunco.
625 1175 771 1231 attamen
790 1188 877 1250 parce
900 1180 1012 1251 postea,
1038 1172 1206 1247 Aemiliane,
1226 1178 1428 1253 paupertatem
1453 1169 1580 1250 cuipiam

475 1270 629 1345 obiectare,
644 1272 694 1352 qui
708 1288 802 1352 nuper
815 1290 909 1353 usque
923 1275 1048 1354 agellum
1063 1275 1278 1349 Zarathensem,
1294 1292 1383 1355 quem
1396 1274 1449 1336 tibi
1459 1274 1579 1336 unioum
1597 1288 1613 1336 5

474 1379 557 1454 puter
569 1381 639 1436 tuus
653 1375 818 1454 reliquerat,
835 1377 916 1438 solus
930 1395 993 1438 uno
1007 1377 1095 1438 asello
1111 1377 1148 1438 ad
1162 1377 1371 1457 tempestiuum
1385 1376 1511 1437 imbrem
1525 1376 1580 1437 tri-

455 1501 458 1507 *
474 1477 533 1539 duo
549 1477 695 1539 exambas.
725 1479 914 1557 nequeenim
930 1478 980 1540 diu
994 1485 1048 1553 est,
1064 1498 1132 1540 oum
1146 1487 1176 1541 te
1197 1480 1315 1542 crebrae
1330 1485 1441 1540 mortes
1455 1477 1579 1558 propin·

474 1598 602 1662 quorum
615 1579 769 1641 immeritis
783 1581 991 1643 hereditatibus
1006 1576 1161 1656 fulserunt,
1176 1583 1255 1645 unde
1265 1582 1318 1644 tibi
1329 1581 1428 1662 potius
1440 1597 1529 1660 quam
1541 1579 1579 1641 ob

473 1682 560 1745 istam
574 1682 755 1744 teterrimam
769 1682 873 1744 faeiem
884 1682 1000 1744 Charon
1014 1701 1124 1746 nomen
1139 1690 1192 1746 est.
1551 1690 1552 1693 ’
1593 1692 1651 1746 (⁴4⁵)

362 1799 458 1854 xxm]
560 1785 601 1847 lle
615 1785 708 1865 patria
721 1803 787 1846 mea
800 1803 883 1860 uero,
899 1786 979 1864 quod
993 1805 1057 1847 eam
1073 1788 1159 1848 sitam
1173 1787 1325 1848 Numidiae
1341 1792 1370 1846 et
1384 1782 1531 1846 Gaetuliae
1546 1782 1577 1843 in
1596 1796 1628 1846 10

472 1887 538 1968 ipso
553 1888 680 1949 confinio
701 1887 775 1949 meis
794 1887 910 1966 seriptis
931 1889 1046 1950 ostendi
1066 1890 1151 1964 dieis,
1171 1890 1277 1969 quibus
1298 1894 1408 1949 memet
1427 1885 1579 1967 professus

473 2009 550 2066 sum,
565 2008 634 2052 oum
648 1990 779 2051 Lolliano
793 1989 880 2051 Auito
896 1990 927 2050 G.
944 1991 976 2052 V.
992 1999 1144 2070 praesente
1154 1992 1269 2072 publice
1281 1991 1465 2062 dissererem,
1482 1986 1578 2048 Semi-

471 2093 626 2155 numidam
640 2099 670 2154 et
685 2092 923 2171 Semigaetulam:
944 2111 1007 2155 non
1025 2094 1122 2168 uideo,
1139 2094 1209 2174 quid
1230 2094 1303 2154 mihi
1318 2094 1355 2154 sit
1376 2093 1407 2154 in
1420 2110 1454 2152 ea
1473 2109 1506 2151 re
1520 2108 1577 2170 pu·
1633 2076 1635 2081 ¹

473 2195 612 2270 dendum,
631 2194 710 2257 haud
729 2194 828 2256 minus
849 2213 937 2275 quam
958 2196 1032 2276 Cyro
1053 2196 1166 2270 maiori,
1187 2196 1266 2275 quod
1286 2214 1391 2275 genere
1411 2194 1502 2255 mixto
1524 2191 1580 2253 fuit

385 2316 387 2321 ’
473 2298 657 2360 Semimedus
672 2315 705 2358 ae
720 2296 895 2377 Semipersa.
925 2298 1081 2360 nonenim
1095 2298 1146 2359 ubi
1160 2305 1331 2379 prognatus,
1353 2297 1404 2359 sed
1424 2303 1458 2358 ut
1477 2312 1577 2356 mora·
1596 2302 1628 2354 15

470 2408 520 2463 tus
535 2402 658 2481 quisque
673 2401 711 2462 sit
724 2400 926 2480 spectandum,
941 2417 997 2461 nee
1011 2418 1068 2479 qua
1082 2401 1209 2480 regione,
1226 2401 1276 2462 sed
1289 2418 1346 2480 qua
1359 2399 1472 2461 ratione
1486 2397 1578 2458 rutam

472 2503 573 2566 uiuere
595 2503 704 2577 inierit,
730 2502 978 2563 considerandum
997 2510 1050 2564 est.
1086 2503 1182 2565 olitori
1208 2510 1237 2563 et
1257 2503 1383 2584 cauponi
1409 2500 1514 2565 merito
1534 2506 1580 2560 est

473 2622 658 2679 conoessum,
683 2605 748 2666 olus
773 2612 802 2665 et
820 2593 924 2666 uinum
945 2625 980 2666 ex
999 2605 1149 2667 nobilitate
1163 2605 1218 2666 soli
1238 2604 1454 2678 commendare,
1475 2603 1579 2665 uinum

473 2708 624 2781 Thasium,
637 2707 702 2769 olus
717 2707 890 2769 Phliasium:
907 2708 1014 2789 quippe
1029 2709 1076 2770 illa
1086 2715 1181 2771 terrae
1191 2708 1309 2769 alumna
1318 2709 1446 2770 multum
1461 2706 1497 2768 ad
1512 2724 1578 2767 me-

473 2811 578 2872 liorem
589 2828 725 2891 saporem
735 2809 843 2871 iuuerit
853 2816 883 2871 et
893 2810 973 2889 regio
984 2811 1109 2874 fecunda
1120 2819 1149 2872 et
1159 2813 1272 2873 eaelum
1282 2811 1417 2890 pluuium
1428 2817 1457 2871 et
1467 2816 1575 2872 uentus

473 2913 602 2974 clemens
617 2918 646 2972 et
661 2913 706 2973 sol
720 2911 836 2991 apricus
850 2918 879 2973 et
894 2913 992 2973 solum
1008 2914 1152 2975 sueidum.
1187 2914 1337 2975 enimuero
1359 2914 1457 2974 animo
1478 2911 1578 2974 homi-

473 3015 520 3077 nis
535 3013 714 3075 extrinsecus
729 3014 760 3074 in
773 3014 935 3094 hospitium
949 3016 1083 3096 eorporis
1094 3015 1272 3096 immigranti
1292 3015 1361 3095 quid
1380 3015 1491 3092 existis
1511 3015 1578 3076 addi

472 3117 521 3178 uel
534 3116 628 3178 minui
643 3116 679 3177 ad
694 3116 834 3179 uirtutem
849 3118 897 3180 uel
911 3118 1052 3180 malitiam
1066 3115 1189 3200 potest?
1210 3118 1326 3198 quando
1345 3134 1408 3181 non
1427 3117 1459 3179 in
1479 3116 1578 3179 omni·

400 3239 458 3282 su.
472 3219 529 3284 bus
549 3215 554 3304 Ι
573 3219 707 3300 gentibus
722 3219 803 3283 uaria
816 3220 931 3301 ingenia
941 3218 1129 3302 prouehere?
1145 3239 1312 3302 quanquam
1322 3219 1477 3283 uideantur
1488 3237 1578 3299 quae-

1593 2792 1626 2843 20

1590 2860 1650 2914 (4⁴⁸)

542 3523 558 3580 2
570 3523 717 3580 infoecunda
729 3536 756 3579 et
764 3520 869 3578 infoelix
880 3544 908 3578 v:
921 3525 1075 3581 alterutrum
1085 3524 1266 3595 seeludepdum
1273 3533 1350 3599 putat
1357 3525 1470 3580 Boseude
1484 3520 1489 3596 Ι
1503 3516 1581 3580 uerba

475 3625 538 3678 quae
552 3610 648 3661 nullum
664 3608 773 3661 fructum
786 3624 819 3660 ex
836 3625 893 3660 seso
905 3610 984 3674 gignit
1002 3610 1092 3662 delevit
1112 3610 1151 3663 W
1150 3627 1253 3663 omerus
1277 3609 1287 3678 Ι
1311 3611 1409 3662 stante
1433 3606 1579 3678 Groalotius

472 3742 478 3814 Ι
492 3746 607 3813 preciov
622 3743 627 3814 Ι
642 3701 736 3809 lignvej
750 3744 770 3795 F
783 3741 794 3812 ΙΙ
817 3745 832 3795 5
846 3702 1061 3815 ἔ11111111111ιιρ,
1074 3746 1252 3805 §apamensem
1264 3745 1287 3798 V
1299 3741 1310 3813 ΙΙ
1334 3744 1491 3812 thymbrem
1500 3740 1540 3810 Vi
1564 3743 1578 3794 'l

473 3894 552 3948 neque
563 3897 628 3934 nuno
636 3881 743 3933 Fulvius
768 3877 773 3948 Ι
799 3880 842 3936 diu
854 3881 901 3944 est]
914 3880 996 3931 dinem
1008 3897 1025 3931 v
1048 3879 1058 3949 Ι
1082 3828 1144 3946 831³
1151 3825 1298 3950 (mmm
1321 3879 1332 3950 Ι
1361 3881 1376 3932 9
1393 3893 1484 3931 numen
1500 3876 1579 3947 npv,

386 3996 390 4000 -
474 3978 565 4015 nomon
577 3962 608 4030 ςΙΙ
624 3963 653 4014 11
668 3961 767 4013 ostendi
779 3961 842 4012 dieis
853 3965 955 4032 empti:
970 3962 1082 4012 ostendis
1095 3963 1145 4012 seis
1158 3962 1188 4028 F,
1202 3963 1300 4014 ostendi
1313 3961 1363 4012 seis
1373 3976 1425 4030 ‹pvt
1444 3959 1579 4013 ostendisti

475 4044 640 4097 0111111111
655 4040 660 4110 Ι
675 4042 764 4108 quibus
775 4051 866 4095 memet
877 4043 963 4094 uerbis
976 4058 993 4094 v
1007 4039 1013 4109 Ι
1027 4041 1169 4109 professum
1181 4043 1201 4094 F
1219 4041 1229 4110 Ι
1247 4044 1277 4094 12
1289 4043 1367 4094 Auito
1377 4039 1416 4093 ou’
1428 4041 1483 4109 lim,
1500 4038 1579 4115 Auito

473 4123 516 4193 Vb
528 4125 559 4176 13
571 4123 785 4192 Semigetnlump
800 4123 804 4188 Ι
819 4125 878 4176 nui
896 4123 955 4175 Ideo
969 4125 1027 4192 quid
1038 4125 1096 4176 mihi
1108 4125 1142 4176 sit
1153 4124 1183 4190 F,
1195 4124 1269 4175 uideo
1283 4125 1341 4192 quid
1351 4140 1401 4176 om,
1414 4141 1437 4192 φ
1450 4121 1460 4190 ΙΙ
1474 4122 1506 4172 14
1519 4120 1577 4171 Ciro

473 4257 494 4312 F
509 4258 519 4328 Ι
538 4261 569 4312 15
581 4206 723 4311 timoratus
736 4256 781 4328 φ,Ι
799 4259 831 4309 16
843 4260 1004 4326 spectandum
1016 4268 1056 4313 est
1068 4279 1091 4330 φ
1107 4259 1117 4329 Ι
1135 4261 1166 4311 17
1179 4259 1319 4312 instituerit
1329 4258 1436 4311 Fabius
1450 4254 1455 4326 Ι
1474 4255 1581 4308 holitori

474 4340 520 4411 up
542 4339 553 4409 Ι
575 4340 725 4409 18111111φ
742 4337 752 4409 Ι
770 4339 801 4390 19
814 4340 964 4411 alumpnum
987 4339 998 4410 Ι
1019 4341 1184 4394 2011111111
1200 4357 1241 4410 ‹pv
1264 4338 1274 4410 Ι
1295 4341 1325 4392 21
1340 4335 1488 4408 sbeidumep
1511 4336 1522 4406 Ι
1545 4337 1579 4389 22

876 4424 894 4463 1

432 4436 434 4445 Ι
473 4475 724 4627 21111111ιῇ13111111
746 4474 757 4545 Ι
782 4476 815 4527 23
827 4477 958 4530 ma..tiam
970 4476 1000 4544 1³,
1013 4474 1196 4547 maliciemvfl
1224 4477 1257 4529 24
1269 4489 1415 4545 quamquam
1427 4489 1468 4545 φν
1494 4471 1499 4542 Ι
1526 4471 1581 4540 qui·

475 4555 566 4627 damrp
