3867 5559
467 719 509 784 28
810 715 839 769 c.
857 715 979 770 urvnnr
992 716 1227 770 unnavnnusrs

326 802 414 847 ildeb.
429 803 489 847 tib.
1478 804 1521 845 nd.
1537 803 1640 845 Oudend.

469 871 598 935 diutinae
616 869 735 935 militiae
753 888 816 932 non
834 878 920 951 putas
941 870 1110 935 amiciorem
1135 891 1199 935 esse
1219 871 1361 936 coercitae
1381 872 1574 954 mediocritati

469 993 558 1056 quam
573 973 711 1037 delicatae
726 973 900 1055 opulentiae,
921 974 1074 1036 fortunam
1090 975 1172 1037 uelut
1190 975 1321 1037 tunicam
1340 975 1432 1055 magis
1453 975 1574 1037 concin-

426 1136 428 1140 ,
467 1096 537 1141 nam
552 1094 640 1156 quam
655 1076 772 1154 longam
786 1074 926 1156 probare3
942 1076 1050 1157 quippe
1065 1077 1151 1138 etiam
1167 1096 1201 1163 ea
1215 1077 1240 1139 si
1253 1095 1316 1139 non
1330 1083 1458 1156 gestetur
1473 1084 1502 1139 et
1512 1084 1573 1138 tra-

467 1181 564 1264 hatur,
579 1178 671 1242 nihilo
683 1177 782 1239 minus
795 1195 883 1256 quam
893 1177 996 1241 lacinia
1009 1179 1211 1260 praependens
1221 1179 1344 1261 impedit
1355 1187 1384 1241 et
1394 1179 1572 1261 praecipitat.

467 1284 576 1346 etenim
588 1284 621 1344 iu
637 1280 774 1343 omnihus
789 1280 826 1340 ad
839 1279 916 1342 iritae
935 1280 1037 1342 munia
1056 1280 1172 1342 utendis
1194 1282 1330 1361 quicquid
1349 1289 1447 1362 aptam
1466 1283 1571 1344 mode·
1589 1294 1604 1346 5

466 1385 612 1450 rationem
626 1381 855 1465 supergreditur,
871 1383 954 1444 oneri
969 1382 1067 1463 potius
1083 1401 1171 1462 quam
1185 1384 1253 1445 usui
1267 1383 1413 1445 exuberat.
1443 1383 1531 1464 igitur
1542 1392 1571 1447 et
1585 1407 1642 1461 (aas)

464 1487 629 1553 inmodicae
644 1485 761 1548 diruitiae
774 1483 856 1546 uelut
882 1480 894 1567 ΙΙ
921 1484 1048 1564 ingentia
1062 1492 1091 1546 et
1105 1486 1237 1548 enormia
1252 1485 1445 1565 gubemacula
1459 1486 1571 1548 facilius

465 1597 603 1671 mergunt
613 1607 702 1669 quam
712 1593 827 1667 regum,
839 1587 919 1667 quod
929 1586 1038 1650 habent
1048 1588 1160 1649 irritam
1171 1588 1295 1668 copiam,
1307 1588 1426 1649 noxiam
1436 1587 1571 1650 nimieta-

464 1702 534 1756 tem.
565 1693 637 1774 quin
658 1710 693 1754 ex
715 1690 787 1772 ipsis
808 1689 1042 1769 opudentioribus
1063 1709 1114 1751 eos
1135 1689 1323 1768 potissimum
1343 1690 1430 1752 uideo
1450 1690 1570 1764 laudari,

465 1796 515 1877 qui
528 1795 611 1857 nullo
625 1792 759 1875 strepitu,
775 1793 892 1854 modico
908 1794 998 1867 cultu,
1019 1791 1209 1855 dissimulatis
1228 1792 1413 1855 facultatibus
1434 1799 1524 1871 agunt
1543 1799 1571 1854 et
1590 1807 1621 1859 10

466 1897 580 1961 diuitias
594 1913 715 1977 magnas
727 1895 931 1957 administrant
946 1895 1009 1957 sine
1021 1895 1225 1968 ostentatione,
1241 1895 1304 1957 sine
1315 1895 1460 1975 superbia,
1475 1895 1572 1975 specie

465 1998 673 2077 mediocritatis
687 2016 850 2079 pauperum
865 1996 984 2060 similes.
1012 1999 1091 2078 quod
1106 1998 1132 2060 si
1145 1998 1232 2060 etiam
1243 1998 1351 2060 ditibus
1367 1997 1403 2059 ad
1414 2015 1572 2076 argumen-

463 2110 529 2165 tum
542 2101 704 2163 modestiae
719 2101 868 2181 quaeritur
882 2100 979 2180 imago
1000 2100 1153 2181 quaepiam
1173 2107 1202 2161 et
1219 2100 1302 2161 color
1315 2098 1504 2181 paupertatis,
1519 2117 1572 2163 cur
1593 2103 1595 2108 '

354 2274 360 2283 ,
465 2205 527 2268 eius
541 2204 649 2285 pudeat
662 2202 821 2276 uumerus,
837 2203 934 2283 quiea
948 2220 1010 2265 non
1024 2202 1159 2265 simulata
1173 2202 1224 2264 sed
1239 2220 1308 2264 uere
1322 2198 1494 2281 fungimur?

392 2316 446 2372 XX
550 2306 678 2368 Possum
699 2305 836 2384 equidem
849 2305 903 2366 tibi
917 2312 946 2366 et
965 2305 1058 2385 ipsius
1072 2304 1202 2367 nominis
1217 2304 1451 2367 controuersiam
1464 2304 1569 2379 facere,
1589 2322 1621 2374 15

464 2409 613 2472 neminem
633 2415 770 2473 nostrum
785 2425 945 2488 pauperem
960 2426 1040 2482 esse,
1061 2408 1111 2487 qui
1132 2425 1348 2489 superuacanea
1367 2407 1454 2481 nolit,
1476 2406 1572 2487 possit

464 2509 638 2584 necessaria,
654 2527 727 2589 quae
742 2515 849 2573 natura
862 2510 971 2591 oppido
991 2528 1083 2589 pauca
1103 2516 1181 2572 sunt.
1216 2528 1344 2590 namque
1363 2509 1389 2572 is
1409 2509 1570 2591 plurimum

464 2613 582 2695 habebit
597 2612 647 2691 qui
661 2611 818 2674 minimum
830 2612 1013 2673 desiderabit.
1044 2612 1161 2673 habebit
1172 2612 1250 2673 enim
1263 2619 1405 2692 quantum
1416 2613 1505 2686 uolet,
1522 2612 1572 2691 qui

389 2741 407 2780 s.
416 2740 451 2780 os„
465 2717 547 2779 uolet
561 2714 726 2776 minimum.
757 2722 786 2776 et
800 2711 917 2799 idcirlco
937 2714 1054 2777 diuitiae
1074 2733 1136 2776 non
1151 2715 1256 2776 melius
1276 2714 1420 2776 infundis
1436 2720 1465 2774 et
1479 2714 1509 2774 in
1523 2715 1568 2775 fe·
1583 2739 1641 2793 (4³7)

465 2837 547 2893 nore,
568 2836 656 2898 quam
670 2817 780 2899 inipso
795 2817 925 2879 hominis
940 2818 1250 2892 animoaestimantur,
1272 2817 1321 2896 qui
1342 2817 1366 2878 si
1386 2824 1431 2878 esi
1450 2817 1570 2878 auaritia
1587 2836 1620 2888 20

465 2938 574 3002 egenus
589 2926 619 2980 et
633 2919 669 2982 ad
685 2937 772 2980 omne
787 2920 902 2982 lucrum
917 2921 1107 3003 inexplebilis,
1128 2938 1183 2981 nec
1197 2919 1347 2981 montibus
1369 2919 1432 2981 auri
1452 2919 1571 2981 satiabi-

464 3029 523 3097 tur,
539 3023 590 3085 sed
605 3040 723 3103 semper
736 3020 844 3102 aliquid
858 3028 925 3085 ante
940 3031 1024 3105 parta
1037 3030 1071 3085 ut
1085 3031 1188 3103 augeat
1200 3022 1385 3084 mendicabit.
1416 3040 1490 3103 quae
1505 3022 1571 3102 qui-

371 3197 374 3200 ,
465 3127 533 3188 dem
547 3143 618 3188 uera
632 3124 778 3188 confessio
794 3133 839 3186 est
853 3126 1041 3208 paupertatis.
1069 3126 1166 3187 omnis
1181 3126 1260 3189 enim
1279 3126 1386 3206 cupido
1403 3125 1571 3207 acquirendi

465 3246 500 3290 ex
515 3228 653 3310 opinione
667 3227 783 3310 inopiae
796 3227 887 3302 uenit,
907 3246 963 3289 nec
981 3228 1080 3303 refert,
1096 3247 1184 3310 quam
1202 3247 1343 3309 magnum
1363 3227 1402 3288 sit
1420 3227 1500 3307 quod
1518 3227 1570 3289 tibi

435 3353 439 3359 ·
464 3330 563 3393 minus
578 3336 632 3391 est.
660 3347 722 3392 non
735 3329 838 3391 habuit
853 3335 964 3392 tantam
974 3349 1038 3393 rem
1048 3331 1220 3394 familiarem
1231 3331 1332 3393 Philus
1344 3336 1484 3411 quantam
1493 3329 1568 3392 Lae·
1585 3343 1619 3394 25

463 3433 530 3509 dtas,
545 3450 600 3496 nec
612 3431 727 3495 Laelius
743 3439 882 3513 quantam
893 3433 1002 3515 Scipio,
1013 3452 1068 3497 nec
1080 3435 1176 3516 Scipio
1189 3439 1328 3515 quantam
1339 3433 1462 3497 Crassus
1478 3432 1569 3508 diues,

532 3635 606 3688 1-a
618 3637 696 3688 osrla
708 3651 758 3686 non
770 3642 845 3702 putas
854 3665 888 3675 -
897 3637 1024 3704 opulentis
1036 3638 1100 3706 iu‘qo
1112 3643 1204 3691 autari
1213 3641 1240 3692 in
1249 3639 1316 3690 calca
1324 3637 1431 3690 alterius
1439 3637 1571 3690 calumnas

462 3734 626 3790 aususausus.
636 3721 732 3788 scipta
754 3715 759 3785 Ι
783 3718 925 3770 amiciorem
935 3734 955 3778 ς,
969 3718 1132 3770 amicitiorem
1141 3719 1205 3789 Fmv
1227 3719 1232 3788 Ι
1256 3719 1438 3786 cohercitel'ip
1458 3717 1469 3786 ΙΙ
1493 3719 1571 3769 3etsi

463 3817 495 3853 ea
509 3800 654 3853 Salmasius
679 3797 684 3867 Ι
720 3800 765 3850 sed
785 3799 901 3850 trahatur
916 3796 1060 3852 Salmasius
1087 3799 1097 3870 ΙΙ
1124 3800 1274 3852 tnielailus
1288 3818 1318 3870 tp,
1342 3799 1442 3853 nihilV
1468 3798 1472 3866 Ι
1499 3801 1571 3866 quasi

464 3887 556 3938 lacinia
566 3885 671 3954 Lipsius
696 3882 701 3951 Ι
732 3885 876 3952 p'pendens
888 3884 917 3952 F,
933 3867 1090 3953 perpendens
1103 3886 1136 3938 V:
1153 3887 1310 3953 propendens
1326 3884 1440 3950 Caloius,
1458 3887 1569 3953 pendens

463 3966 609 4019 Scriverius
637 3965 641 4032 Ι
667 3964 823 4034 p'cipitatF
847 3964 858 4036 Ι
882 3966 939 4016 tin
955 3966 1048 4018 adiecit
1064 3967 1228 4019 Casaulonus
1258 3965 1267 4034 ΙΙ
1294 3966 1541 4032 tisupergraditurv
1566 3964 1570 4033 Ι

462 4047 552 4100 honeri
563 4046 608 4115 ap
631 4041 643 4111 Ι
667 4048 823 4101 'limmodice
835 4064 876 4118 φν
899 4045 909 4115 ΙΙ
933 4048 1083 4113 Smergunt]
1098 4049 1237 4112 deucrgunt
1249 4049 1371 4100 Pricaeus
1387 4044 1398 4115 ΙΙ
1417 4048 1445 4098 11
1461 4047 1569 4098 diuidua

463 4130 484 4181 p
512 4129 516 4196 Ι
543 4127 728 4180 obstentatione
741 4146 758 4181 v
785 4128 796 4198 Ι
825 4130 857 4181 13
868 4143 959 4197 ymago
972 4129 1016 4197 ro
1044 4127 1054 4197 Ι
1083 4128 1278 4181 ittenuiorisv
1304 4125 1309 4195 Ι
1335 4130 1443 4194 quieanr
1455 4129 1510 4198 dm,
1527 4130 1569 4194 qui

464 4227 495 4263 ea
506 4227 532 4276 v,
549 4210 615 4278 quad
629 4223 661 4260 ca
673 4224 686 4266 ς
699 4206 705 4275 Ι
720 4210 861 4262 simulatam
875 4227 898 4268 e:
912 4210 1030 4263 simulato
1043 4211 1175 4263 Acidaliae
1188 4207 1198 4277 ΙΙ
1212 4211 1243 4261 15
1256 4210 1353 4277 quidem
1365 4210 1410 4280 lim
1423 4209 1433 4279 Ι
1447 4211 1479 4262 16
1488 4210 1569 4278 possit

464 4360 482 4394 v
501 4348 527 4396 si
548 4344 723 4396 Casasaloaus:
749 4288 927 4412 ροΙΙΙΙῐΜαΙΡ,
951 4346 1034 4413 poscit
1056 4364 1091 4415 ap:
1112 4345 1242 4413 possideat
1262 4345 1464 4398 lflmeolarsiius
1491 4343 1501 4414 ΙΙ
1536 4345 1567 4396 17

465 4477 595 4546 nanqueF
621 4476 632 4546 Ι
659 4479 693 4532 20
709 4437 893 4533 οπίωιΙωΓΡ
917 4478 928 4550 Ι
952 4482 987 4532 25
1008 4480 1103 4547 Philus]
1116 4481 1279 4549 philosophus
1299 4482 1423 4535 drantius
1454 4478 1465 4549 ΙΙ
1490 4479 1569 4532 idai

413 4590 418 4598 ,
462 4577 489 4632 p.
502 4559 544 4625 29,
559 4560 571 4612 1
586 4559 665 4625 diues]
678 4561 858 4614 seeluduadum
866 4566 945 4632 putat
954 4562 1060 4615 laduius
1082 4559 1094 4630 Ι
