3867 5559
848 727 1017 784 aronools
1429 731 1489 794 113

312 815 354 855 aa.
369 815 471 856 ouasna.
1458 813 1545 854 cissa.
1560 812 1634 853 cub.
1661 880 1664 887 1

380 889 495 949 tionum
513 887 676 959 fautorem,
698 885 837 965 cupidum
854 883 1085 946 condemnandi:
1116 883 1181 943 date
1202 882 1324 961 siquod
1344 879 1357 966 11
1379 899 1485 964 sequa·

380 996 438 1061 tur,
453 988 617 1049 ministrate
631 988 679 1049 uel
692 988 835 1049 tantulam
849 985 1037 1048 uerisimilem
1054 983 1238 1044 occasionem
1253 986 1415 1047 secundnm
1429 1002 1486 1046 uos

381 1090 599 1169 pronuntiandi.
630 1090 732 1150 saltem
747 1089 845 1167 fingite
861 1086 977 1166 aliquid,
993 1085 1198 1146 eminiscimini
1213 1086 1292 1164 quod
1307 1086 1486 1165 respondea-

381 1191 429 1264 tis,
446 1191 565 1270 quinos
585 1191 624 1251 ita
643 1191 761 1270 rogarit.
796 1198 824 1250 et
845 1189 984 1269 quoniam
1005 1206 1124 1249 omnem
1145 1196 1283 1248 conatum
1303 1205 1422 1247 necesse
1442 1194 1487 1248 est

347 1302 361 1346 ι’)
383 1293 536 1372 quaepiam
555 1311 642 1354 causa
662 1292 824 1372 praecedat,
850 1291 1035 1370 respondete,
1058 1289 1107 1368 qui
1126 1288 1282 1369 Apuleium
1308 1288 1402 1350 dicitis
1422 1287 1486 1348 ani·

382 1410 466 1454 mum
479 1393 658 1455 Pudentillae
672 1394 792 1473 magicis
802 1392 1004 1455 illectamentis
1020 1391 1165 1463 adortum,
1182 1390 1250 1469 quid
1266 1409 1301 1453 ex
1316 1409 1349 1450 ea
1362 1390 1486 1471 petierit,

382 1514 435 1556 cur
448 1494 558 1574 fecerit.
587 1495 716 1556 formam
732 1496 794 1556 eius
814 1490 971 1556 uoluerat?
999 1492 1120 1571 negatis
1151 1491 1266 1553 diuitias
1288 1494 1390 1554 saltem
1413 1509 1487 1552 con-

382 1594 536 1675 cupierat?
564 1603 671 1674 negant
685 1597 799 1657 tabulae
815 1596 902 1667 dotis,
923 1601 1030 1673 negant
1049 1594 1164 1654 tabulae
1184 1593 1360 1666 donationis,
1381 1600 1488 1672 negant

382 1698 496 1758 tabulae
506 1698 682 1775 testamenti,
694 1698 724 1757 in
736 1699 841 1777 quibus
853 1684 915 1757 non
925 1694 1016 1755 modo
1028 1713 1090 1755 non
1101 1694 1204 1774 cupide
1216 1695 1370 1775 appetisse,
1381 1713 1487 1756 uerum

313 1775 472 1891 (11151155
497 1797 569 1858 dure
594 1797 737 1876 repulisse
761 1797 961 1858 liberalitatem
984 1815 1054 1857 suae
1079 1795 1179 1857 uxoris
1205 1796 1377 1857 ostenditur.
1415 1798 1487 1876 quae

382 1898 470 1976 igitur
488 1899 543 1958 alia
562 1916 649 1959 causa
669 1895 735 1958 est?
764 1897 832 1976 quid
853 1895 1065 1981 obmutuistis?
1094 1897 1163 1977 quid
1182 1895 1308 1958 tacetis?
1341 1898 1391 1958 ubi
1417 1897 1488 1959 illud

383 1999 469 2059 libelli
495 1999 586 2060 uestri
612 2006 695 2060 atrox
721 1999 898 2079 principium
922 1999 1044 2060 nomine
1067 1998 1194 2078 priuigni
1219 1999 1277 2059 mei
1300 1995 1487 2060 formatum?

379 2094 473 2161 ‘hunc
493 2120 557 2179 ego,
586 2101 705 2161 domine
725 2101 858 2175 Maxime,
881 2119 966 2163 reum
985 2101 1061 2179 apud
1081 2106 1111 2160 te
1129 2100 1225 2160 facere
1245 2092 1381 2162 institui.²
1414 2101 1485 2181 quin
1502 2105 1554 2156 Clu

384 2202 471 2281 igitur
482 2202 564 2263 addis
576 2195 677 2262 ‘reum
688 2203 872 2281 magistrum,
884 2221 970 2263 reum
981 2202 1128 2274 uitricum,
1141 2219 1225 2264 reum
1236 2193 1487 2281 deprecatorcm’?

333 2309 363 2357 15
384 2304 436 2365 sed
455 2304 525 2383 quid
550 2300 677 2366 deinde?
701 2293 915 2382 ‘plurimorum
939 2303 1150 2364 maleficiorum
1176 2290 1205 2363 51
1232 2303 1488 2364 manifestissimo-

384 2395 469 2465 rum.>
499 2404 570 2465 cedo
585 2422 679 2465 unum
695 2403 730 2464 dc
745 2405 889 2483 plurimis
906 2405 979 2466 cedo
994 2403 1117 2465 dubium
1137 2403 1183 2465 uel
1205 2405 1307 2465 saltem
1328 2403 1487 2466 obscurum

384 2506 421 2567 de
439 2506 694 2568 manifestissimis.
728 2513 859 2569 ceterum
883 2507 1012 2568 adhaec
1037 2524 1110 2585 quae
1135 2505 1282 2567 obiecistis
1305 2523 1428 2568 numera
1451 2524 1489 2569 an

383 2607 459 2668 binis
479 2603 483 2689 1
503 2606 601 2669 uerbis
616 2609 819 2688 respondeam.
842 2601 955 2670 ‘dentes
971 2599 1168 2688 splendidas':
1190 2607 1309 2686 ignosce
1323 2608 1487 2670 mundiciis.

382 2701 511 2787 ‘specula
530 2701 672 2788 inspicis:
704 2710 789 2771 debet
815 2711 1020 2789 philosophus·
1062 2699 1180 2770 ‘uersus
1204 2701 1298 2771 facis:
1326 2709 1392 2770 licet
1415 2710 1486 2771 lieri.

332 2816 363 2864 ao
381 2803 486 2888 ‘pisces
511 2801 669 2890 exploras':
702 2810 872 2872 Aristoteles
899 2812 991 2872 docet.
1034 2803 1163 2889 ‘lignum
1189 2801 1372 2873 consecras':
1404 2812 1486 2873 Plato

385 2911 495 2972 suadet.
523 2902 658 2973 ‘uxorem
683 2903 788 2973 ducis':
816 2913 893 2992 leges
919 2912 1029 2974 iubent.
1056 2902 1213 2992 ‘posterior
1226 2920 1312 2974 natus
1326 2904 1383 2974 es':
1414 2915 1488 2975 solet

386 3013 456 3073 fieri.
483 3003 614 3075 ‘lucrum
635 3019 761 3075 sectatus
782 3005 843 3075 es':
867 3015 971 3076 dotalis
993 3014 1099 3092 accipe,
1119 3014 1308 3075 donationem
1323 3015 1486 3089 recordare,

385 3120 594 3175 testamentum
619 3117 689 3194 lege.
731 3133 805 3194 quae
835 3116 860 3176 si
891 3115 990 3176 omnia
1016 3115 1124 3177 affatim
1149 3114 1254 3190 retudi,
1281 3117 1306 3177 si
1328 3117 1488 3179 calumnias

387 3234 491 3276 omnes
510 3217 645 3289 refutaui‚
665 3216 690 3276 si
710 3235 758 3275 mc
777 3217 808 3278 in
830 3217 967 3278 omnibus
987 3234 1049 3278 non
1067 3217 1157 3279 modo
1176 3218 1357 3292 criminibus,
1383 3238 1488 3282 uerum

334 3324 364 3372 25
386 3318 472 3378 etiam
487 3317 646 3380 maledictis
661 3318 765 3397 procul
779 3337 795 3378 a
810 3319 895 3396 culpa
911 3318 1139 3399 [philosophiae]
1155 3319 1247 3381 tuitus
1262 3338 1340 3393 sum,
1355 3320 1380 3382 si
1391 3320 1489 3400 philo-

454 3543 465 3593 1
486 3541 651 3594 fau..ramu
677 3541 682 3608 1
709 3543 846 3608 cupidnsF
873 3541 878 3609 1
904 3544 1099 3609 condempnandi
1116 3546 1145 3610 F,
1164 3545 1374 3611 condepnandiV
1401 3546 1489 3612 [sor-

386 3621 620 3690 tasscobseqnatur
642 3621 653 3690 11
677 3623 824 3675 3saltimV
850 3622 855 3689 1
881 3624 1052 3674 eminiscimini
1064 3626 1141 3694 rev,
1154 3627 1339 3678 reminiscimini
1352 3643 1374 3683 c:
1388 3627 1489 3676 commi-

387 3703 508 3754 niscimini
521 3704 578 3771 qnid
590 3705 780 3770 responderetis
793 3704 830 3767 ei,
848 3705 889 3770 qui
900 3720 947 3755 uos
959 3706 996 3755 ita
1008 3714 1119 3769 rogaret.
1144 3708 1259 3773 qnoniam
1270 3737 1293 3748 -
1307 3707 1473 3758 Casaubonus
1487 3706 1491 3772 1

388 3785 602 3849 responderetisc
625 3783 634 3852 11
657 3784 730 3847 aisa]
744 3785 793 3835 ista
806 3785 929 3836 Pricaeus
955 3785 959 3850 1
986 3786 1071 3836 ctdol.
1088 3785 1231 3843 Salmasius
1254 3787 1263 3854 11
1288 3788 1447 3838 dadbertum
1460 3788 1489 3851 F,

388 3864 518 3958 adhortum
531 3901 554 3951 φ
570 3880 580 3949 11
602 3884 633 3935 10
649 3882 809 3933 hostenditur
822 3883 842 3933 d
860 3880 870 3949 11
893 3882 921 3932 11
941 3883 1109 3934 ommutuistis
1122 3886 1142 3936 F
1164 3883 1174 3952 11
1196 3886 1227 3936 12
1239 3885 1461 3937 formcrmatumF
1482 3886 1490 3952 11
1566 3941 1572 3954 ,

390 3964 418 4011 l'l
433 3978 535 4013 numera
546 3965 585 4027 an]
599 3964 728 4014 innumera
742 3981 754 4020 ς
770 3961 781 4030 11
799 3964 829 4014 18
843 3963 987 4029 splendidas
998 3963 1112 4031 Lepsios:
1126 3965 1270 4030 splendidos
1282 3965 1362 4034 FrpV:
1368 3969 1491 4032 sortasse

389 4044 547 4107 splendificus
574 4045 578 4109 1
604 4046 730 4096 munditiis
743 4044 766 4096 V
790 4040 800 4109 11
824 4044 854 4094 21
874 4044 1002 4109 posterior
1016 4053 1089 4096 natus
1102 4061 1130 4095 cs
1142 4049 1245 4113 scripsi:
1263 4047 1333 4111 prior
1345 4054 1405 4096 natu
1417 4047 1438 4097 is
1451 4055 1491 4098 est

389 4124 461 4190 l'mv:
474 4124 544 4188 prior
556 4134 616 4176 natu
627 4141 657 4176 ca
670 4133 710 4176 est
722 4124 839 4193 Lipsius,
852 4124 923 4189 prior
935 4131 996 4175 nata
1008 4132 1048 4175 cst
1060 4140 1090 4176 ea
1102 4127 1223 4191 Bosscba,
1236 4128 1307 4192 prior
1319 4135 1376 4177 nata
1389 4128 1439 4178 ista
1451 4135 1491 4178 cst

388 4205 580 4256 llildobrondius
604 4205 614 4273 ss
637 4207 669 4256 22
682 4207 780 4257 lucrum
793 4222 813 4256 5.
827 4221 854 4256 55
867 4205 934 4256 dotis
948 4222 960 4260 ς
980 4204 984 4272 1
1005 4207 1097 4256 dotalis
1110 4207 1187 4276 lth,
1207 4207 1291 4259 dotale
1306 4211 1332 4257 ct
1342 4208 1452 4258 dotalem
1464 4223 1488 4264 c:

388 4286 455 4336 dotis
474 4286 585 4335 tabulam
602 4284 772 4349 Stewechc'as,
794 4287 893 4337 dotales
911 4286 1021 4351 Colotes,
1044 4287 1122 4338 dotal.
1141 4296 1174 4352 1.,
1196 4291 1214 4338 t.
1234 4306 1254 4339 5.
1273 4287 1372 4336 dotales
1389 4286 1490 4337 tabulas

390 4365 568 4433 3555515123
581 4367 668 4417 recudi
681 4385 694 4424 ς
707 4366 712 4434 1
728 4369 857 4419 calunnius
870 4367 893 4420 V
906 4364 916 4434 11
929 4368 961 4418 24
974 4383 1012 4417 55
1026 4383 1074 4417 oua
1088 4384 1105 4417 v
1127 4367 1136 4436 11
1161 4369 1193 4418 25
1205 4367 1376 4434 philosophiae
1389 4367 1492 4419 seclusit

389 4447 512 4498 besceda:
533 4447 713 4513 philosophiam
735 4449 913 4511 Casaubonas,
934 4448 1075 4513 philosophi
1096 4449 1213 4512 Fuluius,
1235 4449 1330 4512 magiae
1352 4448 1491 4510 Acidaliae,

388 4529 497 4590 magicae
509 4527 651 4594 Scheglo'as
670 4527 682 4608 1
707 4536 778 4579 tutus
790 4545 807 4580 v
831 4528 840 4596 1

441 4608 466 4646 1..
482 4609 547 4657 spur.
563 4609 743 4658 5555515.
1299 4599 1313 4646 Β
