3867 5559
808 728 977 782 nucleum
1415 734 1456 795 43

272 825 314 866 Ed.
331 824 432 866 Oudend.
1435 818 1451 856 1.
1460 817 1522 858 1111).
1537 815 1553 857 i.
1561 816 1595 856 9⁸.

343 908 397 952 nec
411 891 609 953 necessarium
623 887 717 949 haheo
732 885 785 947 tibi
796 884 900 956 dicere,
917 884 967 945 sed
979 890 1081 963 perte,
1094 884 1224 965 sipotes,
1240 883 1277 945 ad
1290 885 1347 946 hoe
1357 903 1446 967 quae-

243 1027 251 1037 ·
343 993 416 1054 sisse
431 1013 479 1056 me
495 1011 593 1072 argue,
608 996 642 1052 ut
658 1016 715 1049 ss.
741 988 766 1047 si
781 985 963 1047 helleborum
978 986 1026 1048 uel
1040 985 1165 1046 cicutam
1186 985 1234 1046 uel
1253 1003 1373 1046 succum
1393 1006 1446 1066 pa-

343 1095 459 1174 paueris
473 1095 622 1166 emissem,
637 1092 708 1152 item
723 1088 777 1150 alia
792 1086 923 1149 eiusdem
938 1087 1029 1161 modi,
1045 1105 1173 1166 quorum
1188 1086 1358 1147 moderatus
1373 1106 1445 1150 usus

272 1219 329 1270 (aa)
345 1197 489 1270 salutaris,
510 1197 562 1257 sed
576 1192 744 1255 commixtio
766 1189 815 1251 uel
830 1188 975 1268 quantitas
990 1189 1076 1250 noxia
1089 1194 1144 1261 est,
1160 1188 1226 1266 quis
1241 1205 1334 1267 aequo
1349 1190 1446 1253 animo

307 1314 322 1365 5
343 1305 502 1380 pateretur,
524 1298 549 1358 si
568 1315 616 1358 me
635 1313 689 1375 per
708 1295 766 1354 hoc
784 1290 916 1353 ueneficii
938 1306 1111 1364 arcesseres,
1133 1289 1213 1369 quod
1231 1309 1266 1351 ex
1280 1290 1336 1352 illis
1350 1297 1448 1372 potest

347 1401 439 1462 homo
456 1395 569 1460 occidi?

428 1501 583 1563 Videamus
598 1506 707 1572 tamen,
727 1514 802 1576 quae
816 1493 926 1555 inerint
940 1493 1064 1572 piscium
1079 1484 1185 1572 genera
1204 1499 1265 1555 tam
1285 1498 1448 1560 necessaria
1464 1507 1576 1561 xxxiii

343 1604 379 1666 ad
393 1602 561 1664 habendum
575 1607 693 1680 tamque
707 1617 774 1662 rara
788 1597 825 1658 ad
838 1596 1054 1677 reperiendum,
1069 1604 1103 1659 ut
1116 1598 1221 1659 merito
1237 1603 1346 1659 statuto
1361 1618 1447 1679 prae-

343 1705 403 1766 mio
424 1710 643 1785 quaererentur.
684 1702 739 1763 tria
759 1683 880 1760 omuino
902 1699 1144 1773 nominauerunt,
1168 1719 1262 1762 unum
1281 1700 1360 1775 falsi,
1388 1702 1446 1764 duo

292 1827 323 1877 10
344 1806 467 1868 mentiti.
501 1806 581 1879 falsi,
602 1804 682 1884 quod
700 1804 832 1881 leporem
851 1800 999 1862 marinum
1023 1801 1115 1862 fuisse
1136 1802 1281 1877 dixerunt,
1300 1805 1351 1881 qui
1374 1804 1447 1866 alius

344 1908 465 1969 omnino
480 1907 570 1988 piscis
583 1907 649 1980 tuit,
665 1924 753 1986 quem
768 1903 840 1964 mihi
855 1903 1017 1966 Themison
1032 1921 1137 1965 seruus
1156 1911 1267 1979 noster,
1288 1905 1448 1968 medicinae

343 2026 405 2070 non
418 2009 547 2087 ignarus,
562 2015 596 2069 ut
610 2027 646 2069 ex
659 2005 724 2094 ipso
740 2005 856 2079 audisti,
870 2005 949 2066 ultro
965 2006 1061 2067 attulit
1076 2005 1112 2067 ad
1126 2006 1357 2086 inspiciundum:
1377 2024 1447 2068 nam

344 2110 461 2190 quidem
475 2113 607 2192 leporem
621 2108 755 2170 noudum
769 2108 857 2168 etiam
871 2107 981 2168 inueni.
1018 2108 1069 2168 sed
1089 2109 1231 2187 profiteor
1245 2128 1293 2171 me
1309 2126 1448 2189 quaerere

342 2217 372 2273 et
386 2220 491 2288 cetera,
506 2231 568 2275 non
581 2211 775 2292 piscatoribus
789 2210 890 2283 modo,
906 2227 1011 2271 uemm
1024 2209 1113 2270 etiam
1127 2211 1227 2272 amicis
1241 2213 1315 2274 meis
1330 2213 1447 2292 negotio
1555 2279 1562 2298 t

291 2335 322 2386 15
343 2314 429 2388 dato,
456 2315 621 2394 quicunque
641 2311 739 2374 minus
759 2312 867 2392 cogniti
892 2308 896 2395 l
920 2311 1033 2391 generis
1054 2311 1142 2391 piscis
1163 2313 1309 2388 inciderit,
1333 2322 1366 2375 ut
1384 2315 1446 2377 eius
1460 2337 1475 2375 r.
1487 2336 1522 2377 eo.

258 2423 269 2440 ⁸
343 2415 417 2476 mihi
433 2423 484 2478 aut
496 2418 624 2477 formam
639 2421 873 2477 commemorent
887 2421 937 2475 aut
946 2414 1045 2495 ipsum
1060 2414 1174 2489 uiuum,
1189 2416 1215 2476 si
1228 2416 1259 2476 id
1273 2417 1446 2496 nequierint,

343 2518 390 2578 uel
410 2524 563 2580 mortuum
584 2517 748 2579 ostendant.
785 2534 874 2596 quam
898 2516 937 2578 oh
957 2534 1021 2578 rem
1040 2516 1069 2577 id
1088 2517 1206 2595 faciam,
1232 2537 1303 2579 mox
1325 2519 1445 2583 docebo.

343 2620 457 2681 mentiti
477 2625 575 2682 autem
595 2626 666 2681 sunt
685 2619 862 2680 calidissimi
882 2626 1066 2681 accusatores
1086 2621 1155 2694 mei,
1174 2627 1208 2681 ut
1230 2620 1285 2681 sihi
1298 2622 1446 2696 uidentur,

343 2740 411 2783 cum
426 2741 473 2782 me
488 2723 525 2783 ad
540 2722 629 2783 finem
643 2720 805 2783 calumniae
820 2721 1025 2781 confinxerunt
1036 2721 1107 2782 duas
1118 2739 1166 2782 res
1178 2722 1306 2784 marinas
1317 2724 1446 2803 impudi-

289 2847 323 2896 20
343 2824 385 2884 cis
402 2825 553 2887 uocabulis
572 2824 730 2903 quaesisse,
750 2841 822 2900 quas
842 2823 1013 2885 Tannonius
1033 2822 1079 2884 ille
1100 2842 1169 2884 cum
1188 2823 1340 2904 utriusque
1360 2843 1446 2886 sexus

343 2925 475 3004 genitalia
499 2925 627 3005 intellegi
643 2925 746 2999 uellet,
772 2925 824 2986 sed
843 2925 941 3004 eloqui
965 2931 1088 3005 propter
1105 2925 1257 2987 infantiam
1284 2926 1446 2988 causidicus

272 3060 330 3112 (422)
345 3045 479 3088 summus
494 3027 637 3106 nequiret,
658 3027 786 3088 multum
801 3026 898 3088 ac-diu
912 3027 1054 3088 haesitato
1068 3028 1187 3089 tandem
1202 3028 1285 3090 uirile
1299 3029 1446 3090 marinum

342 3130 441 3190 nescio
458 3145 515 3208 que
529 3128 789 3190 circumlocutione
804 3129 879 3190 male
899 3147 933 3190 ac
951 3129 1068 3191 sordide
1088 3129 1261 3190 nominauit.
1297 3130 1348 3190 sed
1367 3126 1445 3191 enim
1487 3138 1490 3147 ’

342 3231 461 3292 feminal
474 3232 556 3293 nullo
571 3238 656 3311 paeto
672 3231 821 3312 reperiens
842 3231 991 3295 munditer
1011 3232 1106 3293 dicere
1121 3232 1157 3293 ad
1171 3249 1237 3293 mea
1251 3232 1358 3312 scripta
1372 3249 1445 3293 con-

289 3357 321 3408 ²5
342 3332 416 3412 fugit
434 3339 464 3393 et
477 3353 494 3395 e
509 3335 638 3415 quodam
653 3351 721 3395 meo
736 3333 912 3414 librolegit:
924 3327 1170 3398 ‘interfeminium
1189 3340 1268 3414 tegat
1281 3340 1311 3396 et
1323 3333 1445 3397 femoris

329 3428 457 3498 ,obiectu
472 3442 502 3497 et
515 3437 629 3517 palmae
643 3436 828 3500 uelamento!

411 3627 423 3678 1
443 3626 548 3678 adhaec
560 3641 577 3676 v
600 3625 610 3694 ΙΙ
634 3628 650 3678 2
662 3626 780 3679 heroam
791 3628 934 3694 ngnsytcam
958 3612 970 3694 ΙΙ
987 3626 1127 3679 elleborum
1138 3629 1183 3698 ru
1210 3629 1215 3698 Ι
1241 3643 1327 3681 sucum
1338 3643 1380 3699 φν
1402 3628 1413 3697 l
1430 3631 1445 3682 3

293 3703 303 3722 '
341 3706 378 3757 ita
390 3706 441 3758 alie
451 3706 593 3761 Wowerm
618 3706 623 3774 Ι
649 3708 801 3760 eiuscemodi
815 3707 956 3761 Groslotiru
980 3706 990 3777 l
1018 3709 1127 3779 dheeep
1150 3709 1161 3778 ll
1187 3709 1445 3776 8repperiendumF

339 3838 346 3907 1
370 3789 450 3892 statui⁰
461 3841 493 3908 F,
505 3850 594 3894 sumo
607 3848 638 3912 φ,
651 3842 754 3897 statuV
778 3841 788 3911 ll
817 3842 1040 3899 tuomimucrunt
1057 3844 1233 3896 Octauianus:
1256 3843 1445 3895 nominaueraut

342 3919 405 3988 Frpv
436 3921 446 3991 l
470 3924 502 3975 10
517 3926 595 3976 vardo
609 3925 652 3990 qui
667 3924 733 3975 alius
746 3924 844 3974 omnino
861 3923 938 3990 piscis
954 3922 1003 3976 luit
1016 3925 1154 3978 addenda
1165 3924 1283 3976 videatur
1294 3929 1354 3977 uate
1368 3928 1445 3978 verta

342 4017 398 4054 nrm
410 4003 632 4070 quidem-iuueni
660 4002 670 4072 ΙΙ
705 4004 734 4054 11
757 4004 846 4055 themis
863 4021 1003 4057 conserens
1020 4006 1098 4074 rav,
1116 4005 1280 4064 Themisone
1302 4004 1313 4075 ll
1338 4007 1369 4058 12
1384 4012 1446 4076 post

304 4078 310 4089 “
340 4084 434 4136 audiati
444 4088 471 4136 to
482 4085 504 4136 F
515 4100 611 4138 rasura
625 4083 636 4154 ΙΙ
654 4086 685 4138 13
697 4085 780 4136 iuueni
793 4082 946 4138 droelottus:
959 4087 1055 4138 inuenit
1068 4084 1151 4155 F‘Wi
1165 4087 1196 4138 14
1208 4094 1311 4141 caetere
1325 4104 1344 4139 r
1357 4087 1363 4154 Ι
1381 4088 1444 4140 meis

341 4178 391 4216 om.
408 4179 426 4215 v
441 4162 453 4233 Ι]
466 4166 497 4217 15
509 4165 656 4234 quicumque
668 4183 709 4235 φν
726 4164 736 4234 fl
750 4166 782 4218 16
794 4170 819 4216 et
832 4167 863 4218 11
876 4167 918 4218 uel
930 4167 952 4218 si
964 4167 990 4218 id
1002 4185 1036 4233 n,
1048 4183 1080 4219 m.
1094 4167 1237 4220 Volcarum
1253 4165 1264 4235 ll
1282 4167 1314 4218 18
1329 4167 1443 4218 callidis-

1100 4258 1138 4290 10⁵

341 4297 402 4349 sime
413 4298 579 4352 Casmsdocus
590 4297 601 4369 ΙΙ
615 4302 646 4352 19
660 4299 732 4351 idem
743 4300 851 4353 Fuluius
866 4297 870 4368 Ι
886 4301 1025 4368 calumpnia
1037 4300 1079 4373 φΙ
1156 4319 1179 4370 φ
1196 4299 1206 4369 ΙΙ
1223 4301 1256 4352 20
1263 4300 1442 4369 postilletoll
1529 4316 1534 4323 ’

340 4392 434 4430 rmore
456 4376 467 4446 l
490 4379 520 4431 21
535 4380 644 4444 intelligi
655 4380 749 4450 Fmvl
777 4383 809 4433 22
824 4382 952 4450 haesitans
967 4380 1112 4437 Seriverius
1134 4381 1146 4452 ll
1178 4383 1212 4434 23
1228 4381 1443 4434 circunlocutione

339 4472 356 4509 v
379 4454 390 4525 i
413 4457 447 4510 24
458 4457 577 4514 foeminei
588 4477 605 4513 v
631 4460 636 4528 Ι
662 4461 807 4528 repperiens
819 4463 840 4516 F
866 4461 872 4529 1
899 4461 1010 4528 confugit
1022 4478 1071 4532 qua
1083 4479 1107 4522 c:
1120 4461 1239 4528 conum.
1250 4462 1334 4530 itaque
1345 4462 1443 4516 Caecu-

340 4539 431 4605 doons,
443 4555 465 4590 o.
479 4549 507 4602 et
518 4543 575 4610 quia
584 4542 699 4596 nosceta
709 4542 718 4610 Ἰ
737 4557 783 4610 es,
796 4560 846 4598 αι.
857 4542 928 4614 Γφν
942 4542 954 4613 ΙΙ
978 4543 1088 4596 2511110
1101 4558 1156 4597 meo
1168 4543 1192 4598 V
1212 4541 1218 4613 Ι
1232 4542 1440 4598 iuterioemiuium
